2411 3348
0 39 104 114 Q·
623 46 1730 118 Exene'i.rarroCXX1V.'-

63 151 200 212 *legem
213 165 343 196 natum
362 148 537 205 ²ppellant
549 172 559 190 ,
574 148 742 200 quicquid
758 159 840 186 toto
857 147 921 184 illo
938 159 1102 199 tempore

82 212 178 266 quod
194 221 276 248 ante
294 209 417 261 legem·
430 203 556 255 scripto
567 203 812 255 consignatam
822 199 968 263 effinxit,
979 201 1097 238 homi-

80 278 143 306 nes
157 259 449 303 observaruntfive
466 260 502 295 in
515 256 610 295 cultu
620 257 758 297 divino,
779 257 846 293 five
867 270 904 293 in
915 254 1096 294 conversa-

80 323 180 359 tione
189 330 268 356 cum
277 316 451 368 proximo.
479 311 666 363 Negamus
675 313 781 363 igitur
791 313 806 358 (
815 309 912 362 quod
921 306 1097 348 Pontificii
1113 344 1116 351 ,

80 367 487 425 nunquamprobabunt)
507 366 525 402 a
537 377 657 403 natura
666 366 792 403 dictata
801 360 900 402 fuiffe
911 377 953 402 ea
963 365 1096 403 omnia,

78 435 156 480 qux
168 428 203 463 in
222 424 396 476 religione
413 427 445 459 δε
464 417 701 458 ειιΙῑιιόίνίηο
719 418 1095 459 observaruntPatriar-

76 481 168 521 eliae,
186 483 219 516 δε
230 480 312 516 Deo
330 488 405 514 tum
423 487 521 528 grata
533 473 682 513 fuerunt.
703 477 825 525 Itaque
841 471 920 515 falsa
931 471 980 508 est
989 483 1092 524 argu-

31 532 38 535 *
76 534 189 574 menti
200 533 333 579 major,
353 532 475 567 omnia
492 525 590 580 poffe
611 527 666 565 vel
684 527 812 564 debere
829 524 906 564 fieri
916 528 1037 576 quaein
1048 539 1094 562 eo

74 587 241 626 fecerunt.
262 585 404 637 Alioqui
413 584 515 621 nobis
525 581 706 619 offerenda
716 575 828 618 effent
835 578 995 620 sacrificia
1002 580 1092 616 arie-

74 654 150 680 tum
160 646 193 679 &
205 641 391 692 pinguium
405 656 416 682 3
434 639 503 675 hoc
514 638 612 674 enim
620 635 669 672 illi
679 635 896 687 usurparunt,
908 638 942 670 δε
954 633 997 670 ad
1008 646 1092 672 eum

0 706 1 711 ’
55 694 180 734 finem
190 694 311 732 altaria
319 704 504 730 erexerunt
515 696 547 728 δε
558 689 809 727 consecrarunt.
828 687 962 725 Falsum
972 689 1020 724 est
1031 700 1091 723 eos

64 749 108 787 »id
123 746 240 787 fecisse
259 760 388 785 naturae
408 746 586 784 instruetu,
605 749 639 781 ὃς
653 743 865 784 ἀίξὶεωίηες
891 741 986 793 quod
996 739 1090 778 certe

64 815 211 856 gratum
222 815 295 839 non
305 797 421 838 fuisset
430 803 511 837 Deo
522 824 529 839 ‚
545 798 621 851 post
635 809 795 835 naturam
809 807 1021 848 corruptam.
1050 794 1090 831 Id

16 866 25 869 ’“
70 870 152 895 cum
169 856 317 894 fecerint
332 869 376 893 ex
394 852 463 891 fide
475 878 483 893 ,
499 859 532 890 ὃ(
552 852 645 890 nulla
654 852 693 888 fit
701 849 785 888 fides
794 850 855 888 ubi
864 849 1010 888 verbum
1019 849 1089 886 Dei

69 925 145 948 non
160 912 276 963 praeit‚
291 909 440 960 sequitur
456 907 494 944 id
510 906 554 943 ab
574 906 651 956 ipfis
669 901 770 942 fuisse
788 903 986 956 usurpatum
1000 915 1087 954 prae-

30 988 33 989 ν
68 977 175 1003 eunte
185 964 293 1002 verbo
302 990 312 1002 ,
324 962 422 1013 quod
432 961 492 998 etsi
501 973 575 996 non
585 957 688 994 fuerit
695 955 862 1007 scriptum
871 981 879 996 ‚
891 957 1090 994 habuerunt

66 1031 112 1056 ex
124 1016 361 1069 frequentibus
372 1014 528 1051 oraculis.
556 1015 676 1061 Itaque
685 1022 937 1061 argumentum
947 1023 1021 1046 non
1030 1022 1087 1045 va-

65 1073 127 1113 let,
146 1085 228 1109 cum
238 1071 322 1107 dicit
336 1068 496 1118 Bellatrn.
514 1065 550 1103 id
564 1064 763 1116 usurpatum
776 1058 842 1100 ffit
858 1074 943 1099 ante
959 1062 1082 1114 legem

63 1138 196 1177 nempe
213 1121 490 1162 ceremonialem
508 1119 632 1170 scripto
642 1117 760 1153 datam
770 1143 780 1156 ,
794 1129 880 1169 ergo
892 1129 965 1153 non
979 1117 1086 1167 perti-

48 1181 140 1219 ⁴'nuit
148 1177 331 1229 adlegem.
359 1175 449 1214 Non
458 1172 609 1224 sequitur
618 1188 628 1214 ‚·
649 1183 734 1208 n-am
743 1170 854 1208 multa
862 1169 1088 1225 pertinebant

64 1235 109 1273 ad
123 1231 399 1271 ceremonialem
420 1229 560 1281 legem,
583 1227 740 1264 instituta
757 1237 838 1263 ante
855 1223 996 1261 Mosem
1016 1239 1026 1266 ς
1047 1234 1086 1259 ut

35 1314 38 1317 -
63 1287 298 1328 circumcisio,
318 1283 524 1323 animalium
535 1280 753 1320 mundorum
767 1284 800 1317 &
812 1278 1084 1316 immundorum

62 1341 235 1379 distinctio
257 1363 266 1380 ‚
284 1336 529 1378 sacrificiorum
551 1337 698 1373 materia
714 1339 748 1372 ὅ(
767 1335 874 1374 ritus-2
902 1347 942 1370 ac
960 1331 1084 1371 similia

16 1435 22 1439 ,
61 1396 195 1434 multa..
210 1396 374 1432 Fatemur
384 1404 472 1444 ergo
490 1391 710 1428 ceremonias
728 1387 748 1425 a
759 1387 901 1441 Jacobo
911 1386 1090 1438 usurpatas*

47 1443 420 1500 ‘nonfiiiffe-Magicas
428 1465 443 1486 v‚
457 1446 537 1496 quia
546 1457 602 1481 eas
612 1444 765 1481 exercuit
773 1453 950 1494 pr-aeeunte
959 1439 1080 1480 verbo,

58 1496 126 1542 nec
143 1503 217 1554 plus
233 1501 354 1540 tribuit
373 1501 413 1536 iis
430 1499 642 1537 ceremoniis
662 1509 769 1549 quam
792 1509 853 1548 par
872 1507 956 1534 erat.
989 1494 1079 1533 Non

47 1559 191 1609 =putavit
209 1556 240 1594 se
253 1555 355 1593 rebus
365 1553 429 1591 illis
444 1551 565 1589 indere
574 1551 753 1603 quandam
761 1551 832 1587 vim
842 1549 1023 1592 efficacem
1036 1548 1079 1586 ad

56 1608 339 1649 firrffificandum
350 1608 550 1645 hominem,
563 1618 623 1644 aut
631 1605 675 1643 ad
685 1607 793 1642 varios
804 1602 947 1642 effeetus
961 1603 1077 1655 super-

57 1664 240 1704 naturales.
268 1667 314 1701 At
333 1659 508 1699 Pontificii
528 1661 723 1697 Unctiones
741 1658 813 1695 illas
831 1657 991 1710 usurpant
1007 1657 1078 1695 fine

43 1721 128 1758 ·De1·
143 1717 264 1757 verbo,
274 1715 422 1769 proinde
432 1716 503 1752 fine
514 1711 594 1754 fide,
609 1715 690 1751 &iis
700 1711 857 1750 tribuunt
865 1712 1077 1750 morborum

39 1774 278 1811 curationem
297 1797 306 1811 ‚
341 1769 519 1807 malorum
548 1769 712 1805 omnium
738 1769 1076 1806 averruncationcm‚
1111 1813 1112 1816 Ἰ

57 1829 275 1865 Daemonum
291 1823 513 1877 fugationem
526 1827 559 1859 &
576 1821 699 1860 firnilia
709 1846 720 1864 ‚
744 1819 869 1859 eadem
880 1819 1012 1871 prorsus
1024 1833 1077 1856 ra-

55 1882 157 1918 tione
175 1893 244 1931 qua
259 1880 358 1931 magi
375 1877 437 1914 fiiis
455 1875 723 1914 characteribus,
744 1873 899 1915 circulis,
922 1874 1077 1911 verbis&

56 1933 302 1973 une’rionibus,
316 1930 459 1971 effeQus
470 1930 628 1969 tribuunt
641 1928 830 1974 mirabiles.
843 1933 876 1966 δε
888 1927 1077 1980 aliquando

55 1987 203 2027 sensibus
211 1986 335 2024 homin
341 1998 401 2023 um
410 1984 572 2022 illudunt.

70 2062 71 2065 ¹
107 2043 285 2080 Haeremus
301 2040 472 2088 judicium
490 2043 524 2075 &
541 2034 651 2076 sensus
660 2035 789 2089 Jacobi
799 2036 842 2074 de
852 2036 980 2074 vifione
992 2035 1078 2073 divi-

55 2098 99 2134 na
111 2123 121 2136 ,
139 2100 173 2132 &
191 2094 274 2132 loco
283 2097 318 2131 in
331 2107 402 2145 quo
412 2090 628 2145 apparuerat.
655 2093 705 2129 Ex
717 2104 761 2128 eo
771 2089 914 2142 sequuta
924 2092 973 2128 est
985 2114 992 2130 ‚
1003 2091 1076 2142 pri-

38 2168 41 2169 ⁷
54 2149 129 2190 md,
142 2147 369 2187 consecratio,
381 2147 425 2185 de
437 2160 504 2198 qua
514 2146 647 2183 dierum
657 2145 715 2183 est.
737 2144 909 2183 Secundo,
921 2145 1078 2181 nominis

6 2223 13 2228 ·
43 2203 245 2255 impositio.
277 2203 426 2249 Mutavit
437 2203 534 2238 enim
545 2212 680 2237 nomen
692 2201 793 2236 Luzae
804 2200 949 2236 civitatis
958 2200 1078 2250 proxi-

54 2270 124 2295 mae
133 2283 143 2296 ,
162 2258 199 2292 in
217 2256 356 2295 Betheh
367 2255 462 2306 quod
472 2267 608 2291 nornen
620 2252 823 2304 appellative
833 2251 1003 2306 fignificat
1019 2253 1077 2289 do-

55 2324 153 2349 mum
163 2314 242 2349 Dei,
254 2309 308 2348 sed
320 2310 483 2360 deinceps
492 2306 632 2359 proprie
642 2309 842 2358 accipietur,
853 2320 918 2358 pro
929 2309 1078 2344 nomine

16 2402 18 2404 ,
54 2365 125 2402 loci
137 2389 145 2405 ,
166 2377 274 2415 quem
292 2365 443 2401 domum
462 2364 605 2402 Dei,-&
621 2373 764 2413 porram
782 2361 862 2398 coeli
873 2371 1077 2413 agnoverat.

54 2420 169 2470 Ergo,
188 2419 325 2469 inquiet
334 2418 453 2469 aliquis
465 2441 473 2457 ,
494 2414 570 2453 sunt
587 2413 746 2465 quaedam
757 2414 837 2452 loca
847 2414 978 2455 saneta,
999 2416 1079 2451 &in

34 2472 180 2523 “quibus
189 2472 405 2524 singulariter
414 2470 547 2508 habitat
557 2471 670 2506 Deus:
689 2468 795 2507 Unde
805 2468 961 2508 inferunt
970 2470 1078 2506 etiam

0 2558 7 2563 ,
55 2524 242 2565 Pontificii,
253 2528 435 2563 immerito
444 2537 510 2563 nos
520 2526 689 2573 conqueri
701 2548 709 2564 ,
722 2522 818 2574 quod
828 2523 914 2561 locis
925 2522 1079 2560 nonnul-

42 2600 43 2603 *
57 2580 96 2616 lis
108 2578 322 2616 sanetitatem
332 2578 559 2631 affingant›ea
568 2576 806 2627 frequentent,
818 2579 1076 2629 peregrinatio-

57 2646 120 2671 nes
130 2632 319 2683 suscipiant,
330 2635 407 2670 &in
417 2632 538 2670 iisdem
550 2632 728 2669 orationes
737 2630 895 2669 fundant.
915 2630 1076 2682 Respon-

0 2711 2 2715 ν
59 2688 182 2725 demus
191 2698 370 2736 nunquam
381 2699 444 2722 nos
453 2680 593 2738 negasse
604 2685 681 2723 loca
693 2687 851 2737 quaedam
863 2689 898 2722 in
908 2685 1079 2736 scripturis

15 2745 30 2767 ἕ
60 2742 127 2777 dici
137 2739 249 2777 saneta
260 2744 293 2776 &
303 2735 372 2776 effe
382 2740 488 2776 etiam
499 2739 558 2777 suo
568 2740 693 2777 modo.
717 2741 779 2778 Sed
789 2741 994 2793 negavimus
1004 2739 1078 2776 san-

60 2797 217 2833 &itatem
237 2793 388 2842 aliquam
407 2787 476 2829 effe
493 2792 578 2829 locis
597 2792 828 2832 inhaerentem
847 2818 856 2835 ‚
885 2796 964 2844 quia
983 2807 1077 2845 quae-

61 2849 254 2899 ounqueeis
265 2845 427 2883 tribuitur
436 2842 601 2883 saunitas,
612 2846 659 2881 est
669 2847 820 2885 relativa.
844 2851 890 2887 Ea
900 2861 1020 2886 autem
1031 2848 1078 2885 est

60 2903 114 2941 vel
125 2899 366 2939 ordinariam
378 2897 660 2938 extraordinaria.
675 2901 873 2942 Ordinaria,
888 2916 970 2940 cum
981 2902 1078 2939 locus

40 2971 43 2973 ·
61 2957 180 3007 ahquis
199 2954 336 2993 inservit
347 2951 452 2989 cultui
463 2952 582 2989 vdivino
596 2973 604 2989 ,
616 2954 647 2986 &
658 2953 824 3000 quamdiu
833 2955 981 2992 inservit.
1009 2957 1079 3008 Ex‘·

21 3028 39 3048 ι
62 3010 290 3047 traordinaria
307 3030 316 3047 ‚
345 3019 428 3043 cum
453 3007 548 3042 Deus
572 3005 609 3040 in
625 3003 709 3040 loco
727 3006 845 3057 aliquo
862 3008 1079 3058 praesentiam

61 3062 157 3103 suam
175 3063 345 3103 declarat,
365 3060 480 3100 divina
491 3058 709 3112 operatione.
741 3062 832 3114 Q
843 3062 1003 3114 operatio
1015 3062 1077 3101 du-

2119 83 2189 134 61⁴3

1160 149 1239 200 plex
1249 150 1297 188 est
1307 164 1319 191 3
1341 148 1395 187 vel
1414 151 1511 187 enim
1521 150 1569 186 est
1579 146 1750 201 apparitio
1762 172 1771 190 2
1784 161 1822 187 ut
1831 149 1900 194 hic,
1912 155 1946 189 ὅ(
1957 151 1992 189 in
2002 143 2119 194 rub0·3‘
2129 153 2183 190 vel

1161 201 1307 242 effestus
1325 203 1446 254 aliquis
1455 204 1680 242 miraculosus
1692 227 1701 244 »
1714 216 1752 242 ut
1761 218 1844 242 cum
1855 203 2008 244 Christus
2018 205 2187 244 liberavit

1160 256 1422 295 daemoniacum
1438 258 1474 293 in
1484 256 1715 308 sepulchretis.
1743 262 1846 311 Jam,
1867 259 2186 298 concedimusloca

1160 309 1266 349 cultui
1284 311 1403 348 divino
1422 310 1590 348 destinata
1602 316 1665 350 ‚'&
1684 312 1728 348 ad
1747 313 1821 350 usus
1838 314 1948 352 sacros
1966 327 2182 366 comparata.

1159 365 1327 416 quamdiu
1338 364 1449 402 ufibus
1460 364 1578 416 faustis
1588 363 1785 405 inserviunt,
1798 366 1907 406 fausta
1917 363 1987 406 effe
1998 384 2014 410 5,
2022 383 2094 406 non
2106 383 2194 422 qul-x

1159 418 1244 456 dem
1263 421 1401 456 interna
1421 416 1729 470 aliqua'f‘sanffltate
1741 442 1749 458 ‚
1771 419 1826 458 sed
1837 428 2023 460 esterna&
2040 423 2183 462 relativa

1157 483 1304 523 propter
1322 472 1419 509 usum
1432 496 1440 511 ‚
1460 484 1568 523 quem
1579 485 1653 508 non
1664 471 1893 514 sanffificant,
1911 475 1967 512 sed
1978 480 2036 527 qui
2053 477 2180 516 easa'n-

1153 523 1291 563 ffi'tificat.
1329 525 1461 563 Eadem
1487 526 1535 563 est
1555 527 1649 562 ratio
1675 526 1853 564 relationis
1881 531 2185 570 extraordinariae..

1154 579 1337 633 deiu
1355 582 1451 617 Deus
1460 581 1496 622 in
1506 578 1623 629 aliquo
1634 578 1717 616 loco
1728 579 1759 617 se
1769 580 1966 619 manifestat
1978 607 1985 622 ‚
1997 584 2093 622 locus
2104 585 2179 623 san-

1155 636 1226 672 etus
1237 633 1285 671 est
1305 647 1313 669 :
1332 633 1390 670 sed
1407 647 1490 673 cum
1508 628 1672 670 ceffatibi
1682 632 1713 671 se
1724 634 1943 672 manifestate
1955 660 1963 675 ‚
1976 642 2177 676 communis

1152 688 1201 726 est
1210 703 1221 729 3
1242 689 1379 724 cum-{n
1389 688 1519 725 eodem
1530 684 1629 725 falsus
1640 687 1750 726 cultus
1764 688 1978 727 substituitur
1988 716 1997 729 ‚
2010 690 2176 741 profanus

1154 742 1213 779 est.
1239 745 1372 792 Itaque,
1383 753 1530 794 propter
1539 741 1683 793 aliquod
1694 743 1902 780 miraculum
1915 742 2078 782 loca-non
2088 761 2176 784 con-

1152 795 1293 833 trahunt
1301 807 1508 847 perpetuam
1520 795 1738 834 sanctitatem
1748 820 1757 837 ,
1771 809 1809 835 ut
1826 809 1982 849 patet'ex
1996 799 2175 838 multislo-

1153 851 1245 886 eisin
1257 849 1382 900 quibus
1395 850 1548 888 Christus
1558 846 1892 902 miracula'patiavit,
1905 866 1980 904 qua:
1991 845 2177 906 piopterezi

1152 917 1228 940 non
1245 902 1386 941 fuerunt
1401 902 1520 954 postea
1537 916 1603 954 pro
1626 903 1746 942 faustis
1764 905 1881 943 habita
1899 923 1910 949 3
1930 908 2177 960 nifi'quatenus

1150 960 1245 994 Deus
1263 958 1373 994 voluit
1394 971 1434 995 ea
1455 957 1649 995 consecrari
1665 960 1701 994 in
1719 959 1816 997 usum
1834 959 2007 1002 sanctum‘,
2020 963 2116 1013 quod
2134 963 2180 1002 de

1152 1010 1293 1048 Bethele
1304 1009 1434 1049 fafflim
1446 1012 1494 1048 est
1505 1035 1513 1051 ‚
1527 1025 1602 1062 quae
1614 1024 1734 1049 tamen
1746 1013 1866 1064 postea
1876 1039 1884 1054 ‚
1905 1027 1986 1053 cum
1995 1013 2094 1054 falsus
2104 1017 2178 1054 cul-

1151 1076 1203 1100 tus
1214 1077 1249 1100 in
1261 1078 1300 1101 ea
1309 1061 1524 1103 successisset,
1538 1064 1736 1103 vocatafuit
1745 1068 1940 1105 Bethaven.
1961 1069 2177 1113 Addendum¹

1147 1117 1184 1153 id
1200 1141 1208 1157 ,
1230 1116 1290 1154 sub
1309 1118 1517 1170 paedagog-ia
1534 1122 1656 1157 veteris
1678 1122 1898 1160 Testamenti
1915 1121 2174 1174 aliquodufiiiffe

1147 1171 1314 1214 locorum
1332 1171 1518 1209 discrimen
1532 1196 1540 1212 ‚
1559 1174 1655 1224 quod
1666 1172 1930 1218 nuncceffavit,
1952 1173 2173 1218 ceffintibus‚

1148 1225 1363 1264 immediatis
1375 1240 1448 1264 non
1458 1225 1569 1263 solum
1584 1252 1592 1267 ,
1604 1229 1898 1272 revelationibus5
1919 1232 1973 1269 sed
1984 1231 2175 1283 praesertim

1146 1278 1332 1332 postquam
1351 1280 1523 1320 Christus,
1544 1282 1850 1331 quemadmodum
1864 1285 2015 1323 ostendit
2033 1288 2070 1322 in
2082 1299 2174 1337 qua-

1147 1337 1311 1384 visgente
1319 1343 1494 1384 acceptum
1504 1333 1629 1385 effefibi
1641 1359 1650 1376 ‚
1663 1341 1825 1387 quemvis
1835 1341 1897 1390 qui
1907 1344 2028 1376 Deum
2036 1341 2171 1380 timeat,

1145 1389 1220 1426 Ast.
1232 1401 1282 1426 10.
1295 1390 1335 1437 ᾧ.
1346 1402 1393 1436 35.
1424 1389 1468 1426 fic
1481 1401 1523 1426 ea
1540 1400 1703 1441 tempora
1725 1390 1885 1432 adduxit,
1903 1393 2045 1443 quando
2056 1407 2170 1445 neque

1139 1444 1180 1479 in
1186 1453 1300 1481 monte
1312 1443 1470 1480 Ga'n'zim
1482 1467 1490 1482 ‚
1502 1456 1611 1494 neque
1621 1444 1866 1497 Hierofhlymis,
1879 1446 2061 1484 adoraturi
2071 1458 2175 1484 erant

1141 1501 1282 1534 Patrem
1291 1495 1423 1544 {fideles
1432 1523 1443 1536 ‚
1461 1496 1518 1535 fied
1529 1500 1609 1534 veri
1625 1498 1815 1536 adoratores
1832 1500 2012 1537 adoraturi
2016 1512 2120 1539 erant
2129 1504 2169 1538 in

1132 1551 1262 1602 spiritu
1275 1549 1320 1596 ὠ·
1335 1554 1508 1593 veritate3
1527 1555 1632 1604 Joan.
1642 1567 1678 1600 4.
1690 1554 1732 1601 ᾧ.
1746 1566 1793 1599 23.
1841 1554 1979 1608 Qibus
1992 1555 2064 1592 vult
2073 1555 2169 1606 spiri·-
2192 1555 2196 1595 ζ

1139 1617 1193 1642 tus
1211 1607 1351 1643 Sanetus
1367 1619 1431 1658 per
1448 1607 1665 1657 Apostolum,
1678 1631 1686 1646 ‚
1716 1621 1740 1644 1.
1760 1607 1803 1644 ad
1817 1612 1916 1645 Tim.
1928 1623 1956 1646 2..
1970 1609 2170 1656 5²1.‘8.‹1‹⁷iros

1131 1662 1269 1709 precari
1277 1662 1315 1697 in
1322 1662 1451 1711 quovis
1459 1660 1534 1701 loco,
1539 1669 1647 1710 puras
1655 1675 1781 1699 manus
1788 1663 1987 1700 attollentes.
1996 1695 2000 1697 ,

1168 1744 1172 1746 -
1189 1719 1234 1752 At
1251 1715 1414 1765 inquiunt
1430 1712 1607 1752 Pontificii
1618 1734 1629 1758 ;
1649 1716 1784 1753 Merito
1804 1715 1848 1754 de
1866 1717 1953 1754 locis
1973 1730 2062 1768 quos
2071 1721 2168 1756 Deus

1138 1768 1259 1804 nostro
1287 1779 1452 1819 tempore
1483 1768 1659 1805 miraculis
1684 1769 1883 1807 nobilitavit
1913 1771 2179 1821 exclamamus„

1139 1821 1236 1873 quod
1245 1821 1361 1873 Jacob
1380 1820 1517 1859 deloco
1532 1822 1595 1858 illo
1608 1838 1619 1863 ;
1639 1822 1792 1861 haeretici
1803 1836 1887 1860 vero
1906 1828 1985 1875 quia
2002 1838 2166 1863 reveren-

1137 1879 1225 1913 tiam
1245 1876 1401 1926 praestare
1419 1873 1548 1912 nolunt
1558 1899 1567 1915 ›
1580 1875 1833 1927 blasphemant.
1863 1879 1916 1914 Sic
1927 1881 2025 1915 enim
2034 1880 2166 1917 Marius

1135 1930 1172 1968 in
1192 1929 1285 1966 hunc
1306 1929 1440 1966 locum.
1470 1928 1578 1967 Addit
1599 1941 1739 1970 autem,
1757 1930 2158 1984 Qdfirespondeant,

1119 2008 1122 2009 γ
1138 1983 1268 2022 nescire
1285 1983 1316 2021 se
1333 1997 1378 2021 an
1397 1985 1492 2020 Deus
1509 1983 1574 2021 illis
1595 1984 1680 2021 locis
1697 1983 1799 2024 adsit,
1816 1983 1889 2021 fors
1900 1998 2019 2024 verum
2030 1987 2164 2028 dicunt,

1137 2037 1195 2084 sed
1212 2037 1388 2076 nesciebat
1405 2039 1514 2074 etiarn
1530 2037 1567 2074 id
1588 2036 1714 2090 Jacob.
1738 2038 1884 2075 Discant
1899 2040 2006 2091 igitur
2015 2053 2096 2078 cum
2104 2045 2167 2093 Ja—

1122 2090 1237 2141 7cob0
1254 2115 1264 2132 ‚
1282 2093 1352 2128 Dei
1369 2086 1439 2128 esse
1458 2114 1467 2131 ‚
1485 2090 1589 2127 nobis
1605 2090 1817 2133 manifestari
1834 2106 1896 2143 per
1913 2096 2166 2145 operationem

1139 2145 1256 2197 ipsius,
1271 2149 1303 2181 δε
1314 2158 1396 2182 cum
1411 2156 1468 2182 tot
1480 2145 1638 2196 quotidie
1649 2145 1815 2183 miracula
1824 2146 1980 2188 videant,
1997 2148 2165 2186 excusent

1138 2212 1220 2238 cum
1236 2199 1377 2253 Jacobo
1395 2199 1550 2249 priorem
1571 2201 1813 2251 ignorantiam
1825 2223 1834 2240 >
1853 2214 2014 2253 novaque
2033 2205 2165 2253 pietate

1140 2252 1496 2305 eamrcompensaturi
1516 2253 1733 2294 exclament,
1756 2255 1843 2291 ver&
1860 2254 1916 2291 hic
1925 2256 2013 2303 locus
2023 2259 2166 2293 saneim

1141 2309 1194 2358 est.
1224 2308 1391 2347 Haecille.
1420 2308 1530 2344 Mitto
1548 2308 1644 2358 quod
1664 2306 1706 2346 de
1726 2307 1886 2345 haereticis
1903 2314 1936 2346 ἅ·
1953 2310 2000 2347 de
2016 2308 2166 2359 blasphe-

1138 2365 1212 2399 mia
1223 2387 1231 2403 ,
1245 2362 1486 2399 calumniatur.
1524 2362 1576 2399 Ad
1588 2375 1665 2400 rem
1678 2361 1886 2413 respondeo.
1905 2362 1994 2401 1.'De
2005 2362 2172 2402 locisilh's

1140 2429 1205 2453 nos
1213 2430 1288 2454 non
1299 2416 1412 2454 dicere
1423 2439 1431 2455 ‚
1444 2414 1568 2463 nescire
1575 2428 1623 2452 an
1632 2421 1729 2454 Deus
1738 2419 1776 2453 in
1786 2418 1853 2452 illis
1861 2416 1967 2467 aasst3
1988 2430 2070 2454 nam
2082 2418 2107 2454 fi
2120 2419 2163 2455 de

1139 2470 1318 2521 praesentia
1328 2468 1529 2522 gratiosadit
1540 2470 1695 2521 quaestio,
1708 2472 1869 2508 novimus
1878 2473 1997 2509 Deum
2006 2470 2164 2523 longiffi—

1138 2523 1198 2561 me
1209 2525 1252 2562 ab
1263 2526 1301 2561 iis
1317 2519 1444 2562 abesse.
1471 2522 1649 2564 Novimus
1667 2526 1735 2562 Dei
1745 2523 1961 2576 praesentiam
1972 2525 2074 2562 nobis
2087 2539 2163 2562 ma-

1139 2577 1290 2617 nifestari
1308 2592 1370 2630 per
1390 2591 1497 2629 opera
1509 2602 1517 2618 ‚
1531 2577 1589 2616 sed
1608 2575 1730 2616 falsum
1751 2579 1798 2616 est
1817 2592 1881 2615 nos
1890 2579 2030 2632 singulis
2040 2579 2161 2617 diebus

1140 2634 1307 2670 miracula
1321 2632 1437 2670 videre
1454 2634 1489 2668 in
1501 2632 1589 2669 locis
1599 2646 1675 2684 quae
1685 2645 1855 2684 tanquam
1867 2632 1979 2671 saneta
1989 2631 2162 2684 pontificii

1138 2687 1406 2725 commendant.
1440 2688 1529 2731 Quae
1538 2685 1563 2723 si
1572 2687 1766 2725 videremus
1778 2711 1786 2726 ²
1799 2700 1880 2724 cum
1890 2686 2031 2724 sciamus
2041 2685 2158 2721 idolo-

1137 2742 1274 2778 latriam
1290 2743 1327 2778 in
1344 2739 1409 2777 illis
1421 2743 1539 2792 vigere
1550 2765 1558 2780 ,
1579 2740 1660 2777 talia
1677 2741 1845 2778 miracula
1860 2754 1933 2777 non
1945 2740 1962 2776 a
1972 2737 2157 2776 Deoinha-

1136 2795 1273 2833 bitante
1296 2794 1370 2833 fieri
1389 2794 1605 2836 diceremus3
1624 2794 1679 2832 sed
1696 2791 1765 2833 effe
1774 2792 2154 2843 Pseudoprophetarum

1137 2854 1170 2886 δε
1180 2849 1381 2887 Antichristi
1391 2849 1487 2900 figna
1497 2854 1529 2885 Β(
1540 2849 1727 2889 miracula,
1741 2848 1862 2899 quibus
1879 2846 2005 2882 eleetos
2021 2855 2153 2878 conan-

1138 2916 1192 2940 tur
1206 2903 1367 2941 seducere
1379 2928 1388 2941 ,
1408 2904 1433 2939 si
1446 2902 1641 2953 quidem·id
1657 2896 1865 2952 fieripoffet.
1895 2896 1968 2932 Alia
1977 2894 2078 2946 plane
2087 2894 2153 2932 fuit

1142 2956 1265 3003 Iacobi
1277 2959 1388 2995 ratio,
1411 2959 1468 3007 qui
1483 2955 1616 2992 nullam
1631 2955 1750 2992 habuit
1766 2954 1939 2988 rationem
1956 2947 2147 2985 dubitandi.

1137 3002 1218 3047 Nec
1228 3022 1346 3047 tamen
1357 3010 1510 3062 Jaccbus
1527 3011 1657 3060 putavit
1668 3008 1787 3044 locum
1794 3003 1893 3038 illum
1904 3000 2067 3038 homines
2076 3001 2151 3038 san-

1139 3062 1308 3106 ctificare,
1329 3065 1389 3103 etii
1408 3077 1453 3101 eo
1471 3061 1865 3149 ternporeviffrffggluo
1875 3056 1970 3093 Deus
1989 3056 2050 3101 (ut
2063 3054 2151 3157 dmi

1833 3119 1850 3152 3
2056 3119 2133 3145 mus
