2411 3348
218 84 302 129 350
556 113 557 117 ,

825 28 913 103 12}
980 38 1339 104 ‘cinxit
1407 46 1716 104 Grues.

221 142 255 182 se
265 153 304 181 ut
313 135 525 180 consentiret
541 133 579 172 in
599 131 693 173 aliud
706 131 1002 174 matrimonium5
1021 129 1080 169 sed
1095 142 1253 169 narretur
1308 130 1501 186 allegorice
1509 133 1729 186 interpretati
1737 128 1912 184 funt‚quia
1927 130 2086 187 alioquin
2103 131 2182 188 ipsis
2197 130 2345 177 videm*

222 198 404 236 duntaxat,
420 190 516 243 quod
525 189 684 226 instruxit
696 199 776 224 eam
795 199 912 225 tacere
928 187 1027 239 quod
1046 188 1178 234 conjux
1198 184 1250 223 es-

221 252 282 291 set,
295 255 327 287 &
335 244 556 285 manifestare
565 241 598 281 se
607 237 678 281 effe
688 240 858 282 sororem,
869 253 1012 294 propter
1021 239 1140 278 bonor
1149 239 1247 279 fines.

1310 199 1367 225 tur
1375 198 1476 239 turpe
1484 185 1617 226 fastum
1629 211 1639 228 ‚
1664 193 1698 226 8<
1707 185 1793 225 mal'i
1802 189 1970 241 exempli.
2000 190 2120 229 Videri
2130 192 2247 242 potest
2258 193 2342 230 Ori·

1309 242 1465 294 genesin
1475 251 1583 295 cap.6.
1597 241 1787 280 Geneseos.
1816 243 2002 295 Alioquin,
2012 246 2072 284 ait,
2080 258 2154 296 qua
2165 244 2258 282 nobes
2266 245 2342 282 adi·
2372 270 2375 271 ν
2388 258 2389 265 ’

220 319 252 342 2.
273 301 424 355 quodde
436 301 526 337 Sarai
536 298 705 336 duntaxat
713 296 847 335 dicatur
858 296 956 349 quod
965 306 1066 348 capta
1081 319 1089 336 ‚
1105 293 1163 334 seu
1171 293 1232 333 sub
1241 312 1250 318 ·
1301 294 1422 344 ficatio
1433 299 1510 337 erit,
1525 295 1712 346 legentibus
1724 296 1914 335 Abraham
1925 309 2069 336 tantum
2078 299 2338 336 patriarcham.

217 358 288 395 lata
298 357 346 394 est
358 358 395 392 in
412 353 722 405 domumregiam,
733 357 767 390 ὃ(
775 351 896 404 postea
907 351 1056 390 verbum
1066 349 1253 387 Pharaonis

217 411 449 464 subjungitur,
463 407 508 454 &³
516 408 585 446 mli
593 420 668 445 eam
677 407 768 445 mihi
776 410 814 445 in
824 419 975 444 uxorem.
989 405 1044 443 Ad
1054 418 1162 457 quam
1171 417 1250 442 rem

218 480 294 503 non
304 459 513 502 neceffirrius
522 461 590 500 fuit
613 457 788 514 expressus
806 465 893 499 Sarae
916 458 1098 498 consensus
1126 462 1164 497 in
1183 472 1252 496 no-

217 533 303 558 vum
319 520 529 572 conjugium
539 541 547 556 ‚
559 530 643 555 cum
652 515 835 557 sufficeret,
847 514 1007 567 fiabsque
1020 515 1253 553 reluttatione

218 575 334 626 aliqua
364 598 374 615 ,
404 574 627 626 permitteret
648 570 681 609 se
692 571 772 609 duci
785 582 955 623 tanquam
964 568 1120 608 futuram
1129 571 1254 616 conju-

181 658 183 662 «
217 640 307 684 gem
319 627 592 668 Pharaonis‚hoc
601 625 1074 678 praeffippofirmaestknarum
1084 617 1186 661 fuisse
1197 625 1255 658 Sa-

215 687 268 722 rai
287 689 320 721 &
330 682 509 721 Abraham
519 695 583 734 pro
595 694 733 734 magno
745 679 925 718 beneficio
934 679 1004 717 hoc
1013 678 1156 718 habere,
1170 678 1257 728 quia

218 735 661 789 hocfafft'apraseferebant.
669 735 761 788 Q
769 736 946 787 postrema
959 735 1121 781 Cajetani
1135 730 1252 770 verba,

218 792 388 845 quicquid
405 792 503 829 aliter
515 791 640 828 sentiat
651 814 660 831 ,
682 804 758 826 non
769 789 854 831 dant
862 788 984 826 locum
1001 789 1096 835 justae
1114 784 1253 823 excusa-

219 849 322 885 tioni.
353 849 385 883 Si
396 848 494 884 enim
504 844 593 882 facta
604 843 795 882 Abrahami
805 848 837 879 8(
846 844 938 879 Sarai
946 855 1016 893 prae
1028 841 1062 878 se
1077 839 1253 881 ferebant,

219 916 283 940 eos
293 915 357 954 pro
368 913 503 953 magno
514 897 692 936 beneficio
702 898 882 937 aestimare,
897 897 923 933 fi
939 898 1030 933 Sarai
1042 895 1227 932 duceretur
1236 892 1256 931 ὀ.

219 956 402 994 Pharaone
413 979 422 994 ‚
437 965 531 991 certe
543 951 640 990 factis
648 949 715 989 suis'
736 951 964 988 occafionem
981 949 1256 1001 dederuntperi—

218 1011 301 1048 culo
321 1034 329 1050 ‚
360 1014 393 1046 ὃ(
403 1007 625 1045 Pharaonem
634 1004 726 1058 pene
735 1005 950 1043 induxerunt
962 1004 1005 1042 ad
1013 1003 1100 1041 illud
1126 1001 1258 1040 facinus

217 1063 504 1117 perpetrandum.
524 1053 637 1114 de
645 1072 768 1098 autem
779 1060 888 1101 addit,
900 1058 1053 1098 excusari
1064 1070 1255 1108 utrumque

218 1118 265 1156 ab
275 1117 475 1167 hujufinodi
484 1115 581 1154 factis
590 1114 663 1153 fere
673 1114 898 1154 fimuiatis‚ex
907 1112 1034 1151 fiducia
1044 1125 1151 1164 quam
1162 1124 1256 1169 uter,-

218 1187 288 1226 que
297 1172 445 1210 haberet
467 1174 505 1207 in
524 1173 606 1207 Deo
616 1194 625 1211 ‚
657 1169 756 1221 quod
773 1168 979 1221 prohiberet
995 1167 1133 1204 malum
1152 1178 1253 1203 ante-

219 1240 329 1283 quam
342 1226 552 1279 conjugium
574 1237 711 1261 novum
727 1226 884 1265 iniretur;
899 1224 1005 1274 quaeri
1023 1217 1142 1274 posset
1161 1221 1255 1259 unde

222 1282 289 1320 illis
300 1280 374 1319 talis
381 1278 513 1318 fiducia
521 1304 531 1321 ‚
543 1291 619 1331 quae
628 1281 666 1315 in
679 1276 773 1316 fauo
784 1277 922 1329 speciali
933 1301 941 1318 ‚
964 1279 1021 1315 cui
1030 1277 1183 1328 aliquam
1194 1289 1255 1313 oc—

218 1337 400 1375 casionem
410 1334 583 1374 dedimus,
595 1346 671 1370 non
681 1334 798 1384 potuit
808 1328 878 1370 esse
891 1344 986 1370 certa
996 1356 1005 1372 ‚
1037 1333 1108 1369 fine
1117 1330 1255 1383 speciali

219 1388 452 1444 promissione
469 1389 630 1427 revelata.
657 1387 802 1438 Alioqui
816 1382 871 1424 vix
879 1383 1025 1439 possunt
1045 1386 1065 1423 εὶ
1088 1387 1256 1423 tentatio-

220 1460 269 1483 ne
280 1447 351 1483 Dei
360 1443 513 1482 excusari
534 1470 543 1484 ,
572 1443 632 1481 etfi
645 1442 861 1480 concedatur
869 1455 944 1479 non
955 1442 1137 1479 destitutos
1152 1435 1255 1477 fuiffe

220 1500 282 1538 tali
303 1497 442 1537 fiducia.
464 1498 565 1537 Nam
593 1496 691 1549 quod
708 1496 815 1549 aliqui
833 1496 1048 1548 respondent
1077 1494 1255 1533 Abraham

219 1550 323 1593 fuiffe
333 1553 549 1606 Prophetam
558 1577 567 1594 ‚
586 1558 619 1591 &
630 1547 821 1604 praevidiffe
842 1550 920 1588 fore
941 1563 980 1589 ut
996 1549 1253 1603 affligerentur,

221 1610 438 1661 quicumque
448 1608 510 1646 fibi
520 1620 580 1648 aut
593 1610 695 1645 uxori
704 1608 866 1656 injuriam
875 1601 1038 1644 feciffent
1048 1630 1056 1646 ‚
1068 1616 1127 1643 aut
1139 1603 1255 1641 facere

220 1663 372 1704 vellent,
385 1665 477 1710 &jus
487 1663 693 1715 pudicitiam
704 1672 840 1698 tentare
852 1685 859 1701 ‚
872 1672 911 1698 ut
923 1659 1095 1699 Pharaoni
1114 1658 1253 1699 accidit,

219 1717 389 1770 quodque
399 1731 441 1755 ea
454 1717 590 1754 occasio
607 1714 722 1753 futura
739 1711 827 1752 effer
842 1716 978 1763 justitiae
991 1716 1146 1752 Domini
1164 1726 1254 1766 cog-

222 1771 457 1811 noscendae‚&
475 1771 613 1808 timoris
622 1772 694 1818 ejus
703 1770 739 1806 in
749 1782 791 1806 ea
805 1772 954 1823 regione
962 1768 1184 1822 propagandi
1197 1791 1205 1808 ,
1218 1768 1255 1805 id

219 1824 315 1863 certe
326 1839 400 1862 non
414 1825 566 1877 sequitur
596 1839 640 1862 ex
650 1838 695 1862 eo
709 1851 719 1865 ,
732 1824 829 1875 quod
839 1823 1057 1862 Abrahamus
1079 1823 1254 1876 Propheta

219 1876 321 1918 fuisse
329 1879 563 1918 dicaturNon
574 1881 672 1917 enim
682 1878 865 1931 Prophetae
875 1881 1000 1916 omnia
1012 1877 1128 1917 futura
1147 1878 1253 1916 intel—

222 1935 420 1988 liguntmec
431 1936 557 1972 omnia
565 1932 772 1985 prophetice
781 1932 926 1971 faciunt.

276 1991 448 2041 Qamvis
458 2001 547 2041 ergo
558 1989 602 2025 de
612 1987 817 2024 Abrahamo
830 1992 862 2024 &
873 1987 965 2024 Sarai
974 1998 1145 2038 tanquam
1158 1985 1201 2023 de
1210 1984 1252 2022 fi—

223 2042 240 2079 ]
249 2043 271 2079 T„
280 2045 350 2080 Dei
363 2043 385 2080 s
381 2045 466 2079 ervis
475 2042 707 2081 sentiamus‚fi
715 2052 838 2078 tamen
851 2041 1042 2092 diligenter
1058 2051 1186 2077 eorum
1196 2037 1249 2076 fa-

220 2098 317 2134 &um
334 2097 550 2149 expendatur
563 2121 572 2136 ,
590 2098 626 2133 in
637 2094 804 2133 omnibus
815 2094 965 2133 excusari
973 2108 1047 2132 non
1066 2089 1167 2145 posse
1177 2095 1250 2130 exi-

219 2152 401 2190 stimamus
412 2175 421 2191 ‚
434 2154 518 2203 quin
531 2150 663 2202 aliquid
671 2153 708 2187 in
718 2163 763 2187 eo
772 2147 877 2187 fuerit
888 2147 1092 2186 diffidentiae
1102 2152 1134 2185 &
1143 2145 1252 2199 fragi-

218 2204 322 2242 litatis
332 2206 505 2243 humanae.
531 2209 674 2243 Poterat
685 2206 782 2242 enim
795 2207 891 2241 Deus
901 2228 910 2244 ‚
925 2216 964 2241 ut
974 2200 1250 2244 diximus,Abra-

220 2258 317 2294 hami
326 2273 476 2296 uxorem
486 2259 614 2296 servare
624 2257 721 2311 aeque
731 2259 755 2295 fi
763 2271 918 2296 uxorem
927 2255 1067 2310 dixiffet
1075 2282 1084 2299 ‚
1098 2256 1139 2295 ac
1155 2258 1179 2295 fi
1194 2255 1248 2294 so-

220 2325 434 2363 rore1n‚tota
443 2327 480 2350 re
490 2315 655 2350 Domino
665 2309 823 2351 comissa.
845 2315 888 2351 Et
897 2314 1157 2364 quamvis‚eum
1168 2323 1248 2348 rem

222 2377 339 2403 totam
354 2390 362 2406 ‚
377 2369 486 2403 etiam
496 2368 572 2417 post
581 2367 789 2404 hocinitum
805 2367 990 2403 confilium
1013 2391 1022 2407 ‚
1052 2369 1134 2404 Deo
1145 2378 1249 2404 com-

194 2441 197 2445 Δ
221 2415 350 2457 mififfe
362 2433 421 2470 par
429 2421 469 2456 fit
480 2420 621 2457 credere
644 2446 653 2458 ‚
683 2419 795 2456 &hoc
816 2419 916 2457 suum
927 2420 1112 2457 confilium
1124 2422 1249 2458 rectius

221 2471 387 2522 judicasse
399 2489 407 2515 ς
423 2473 676 2511 advertendum
689 2474 738 2510 est
751 2485 884 2513 tamen,
896 2475 1005 2510 etiam
1023 2473 1249 2512 sanctissimos

220 2527 307 2580 saepe
322 2528 453 2575 judicio
462 2527 523 2564 fiio
533 2527 671 2565 relictos
680 2525 764 2566 falli,
773 2540 811 2565 ut
820 2526 981 2565 hocloco
994 2528 1175 2567 verifimile
1186 2529 1245 2566 est.

221 2582 312 2621 Non
326 2583 374 2620 est
384 2584 480 2620 enim
490 2581 586 2633 quod
612 2583 735 2618 omnia
753 2594 893 2633 patrum
910 2580 1001 2620 faeta
1022 2583 1227 2621 excusemus
1236 2606 1245 2623 2

219 2637 277 2674 vel
287 2639 409 2674 omnia
428 2650 505 2689 quae
519 2635 539 2673 a
557 2635 721 2687 scriptura
737 2633 1070 2675 commemorantur
1078 2661 1087 2678 ‚
1104 2638 1248 2689 probari

218 2687 319 2743 poffe
329 2704 492 2743 putemus
502 2706 510 2733 ;
521 2690 578 2728 sed
588 2691 625 2727 id
634 2690 774 2728 tantum
783 2703 908 2728 eorum
918 2692 993 2728 afta
1001 2692 1174 2744 utriusque
1186 2706 1249 2745 ge-

220 2747 310 2782 neris
323 2745 480 2784 maxime
488 2745 635 2797 infignia
648 2744 783 2786 afferri,
794 2756 833 2783 ut
850 2744 994 2783 sciamus
1007 2760 1068 2783 eos
1083 2746 1250 2784 homines

217 2798 373 2841 fuifl'e‚&
382 2802 603 2852 quantumvis
612 2796 725 2838 effent
732 2797 941 2840 sanctissimi,
951 2799 1062 2851 lapsos
1071 2800 1246 2852 aliquado,

217 2854 304 2906 saepe
312 2868 374 2907 per
385 2858 597 2894 errorem‚ut
606 2854 728 2892 dehoc
737 2853 831 2892 fasto
841 2854 1069 2892 credendum:
1076 2854 1188 2907 Qd
1197 2859 1246 2891 116

218 2909 334 2947 solum
352 2908 553 2948 Doffiffimi
562 2908 766 2948 Ebraeorum
778 2908 938 2961 culpant:
948 2908 1006 2946 sed
1032 2912 1140 2947 etiam
1156 2911 1246 2946 inter

217 2977 352 3002 veteres
362 2963 576 3003 Christianos
589 2962 742 3005 fuerunt,
756 2966 816 3017 qui
826 2971 872 3001 ne
880 2962 917 3000 id
927 2963 1095 3002 damnare
1106 2968 1140 3000 δε
1153 2966 1244 3001 vitu-

215 3032 336 3070 perare
347 3031 561 3071 cogerentur
570 3043 579 3059 ‚
592 3032 768 3072 negarunt
795 3019 1036 3056 narrationem
1048 3017 1243 3056 Mofiaicam

213 3074 308 3119 istius
316 3073 544 3115 rei2historice¹
557 3079 590 3113 ὃ(
599 3074 644 3113 ad
653 3074 792 3115 literam
803 3068 874 3114 effe
892 3073 1136 3128 accipiendam
1145 3098 1155 3118 ‚
1185 3073 1243 3112 sed

1310 351 1493 400 nonsolicm
1503 354 1692 388 mentitum
1709 348 1765 401 effe
1784 353 1873 401 regi,
1885 353 1949 402 sed
1959 354 2170 402 pudicitiam
2193 356 2342 403 conjugis
2387 398 2396 405 -.

1304 403 1502 456 prodidiffc?
1521 406 1625 456 Qid
1640 418 1697 441 nos
1716 405 1856 453 edificat
1870 409 1965 444 tanti
1981 405 2347 457 1³atriarchauxor—,fi
2400 435 2410 444 .

1301 469 1450 509 putetur
1467 458 1818 495 contaminationibus
1847 459 1990 511 exposita
2006 471 2067 511 per
2077 464 2343 499 conniventiam
2382 459 2411 494 ‘2

1311 513 1511 551 maritalem
1520 519 1535 548 ἓ
1548 517 1628 550 Hac
1636 512 1870 562 Iudaiputent
1879 512 1960 563 &fi
1966 515 2104 566 quifint
2111 519 2218 553 amici
2227 516 2341 558 litera,

1306 567 1536 617 nonspiritm.
1566 568 1655 606 Haec
1664 566 1735 607 ille,
1747 567 1873 604 locum
1883 567 1946 605 suis
1955 569 2211 622 allegoriis‚pro
2225 583 2341 611 more.

1312 635 1479 674 quaerens.
1507 622 1573 660 Sed
1583 634 1774 673 utrumque
1791 621 1890 672 quod
1906 621 1967 659 ille
1982 620 2145 661 historice
2160 624 2343 677 sumptum

1311 690 1387 714 non
1397 676 1651 729 putavit‚nobis
1660 676 1802 727 prodest
1812 676 1856 713 ad
1864 677 2142 728 praecautionem
2153 701 2163 719 ‚
2177 684 2212 717 &
2221 680 2265 718 ad
2273 681 2344 716 mi-

1311 731 1506 770 sericordiae
1525 735 1560 768 &
1578 730 1746 769 bonitatis
1768 730 1894 768 divinae
1914 731 2208 771 celebrationem.
2242 733 2282 770 Id
2292 732 2344 771 fa-

1310 787 1408 824 Stum
1430 787 1723 837 Hieronymusin
1733 785 1983 824 traditionibus
1996 785 2149 824 Ebraicis
2168 789 2206 825 in
2223 791 2346 825 Gene·
2392 789 2409 838 'j

1309 839 1526 890 sumfaedam
1537 838 1761 890 neceffitatem
1771 840 1933 893 appellat.
1967 840 2119 893 Optime
2136 837 2274 880 doctiss]
2291 844 2348 880 in-
2398 854 2411 873 ³

1310 907 1442 947 terpres
1452 907 1490 932 ut
1499 894 1588 933 solet
1597 920 1605 936 ‚
1618 897 1774 934 Rectum
1784 890 1887 934 fuiffe
1896 895 2000 933 Abrae
2011 894 2123 933 finem
2136 920 2145 937 ,
2159 899 2196 934 in
2206 895 2346 934 conier-
2378 927 2379 930 ,
2408 923 2411 927 .

1310 952 1453 988 vatione
1463 951 1541 988 vitae
1550 949 1627 990 suae,
1641 953 1679 987 in
1691 964 1759 1002 qua
1768 949 1909 988 videbat
1918 951 1995 988 fitas
2006 946 2078 991 esse
2095 949 2346 1002 promissiones

1310 1005 1442 1042 divinas
1451 1005 1496 1042 de
1505 1004 1698 1043 beneditio
1710 1005 1856 1043 semine.
1879 1004 1946 1042 Sed
1954 1003 1996 1043 in¹
2010 1007 2064 1042 via
2080 1002 2273 1046 aberrasse,
2305 1017 2347 1044 ut
2392 1050 2395 1053 ¹

1310 1058 1396 1111 saepe
1407 1058 1512 1096 nobis
1521 1062 1703 1112 contingit
1711 1086 1721 1100 ,
1737 1062 1849 1097 etiam
1860 1072 1944 1097 cum
1953 1060 1998 1098 ad
2009 1063 2130 1098 Deum
2142 1060 2321 1099 tendimus
2334 1083 2344 1101 ,

1309 1113 1355 1151 ab
1365 1115 1438 1161 ejus
1447 1113 1556 1150 verbo
1566 1127 1629 1166 per
1637 1117 1925 1167 incogitantiam,
1936 1116 2114 1168 captandis
2130 1115 2259 1152 illicitis
2268 1128 2347 1152 me·
2393 1154 2396 1157 ,

1311 1168 1375 1205 diis
1386 1167 1585 1206 deflectere.
1612 1168 1652 1206 Id
1668 1168 1857 1221 praesertim
1875 1168 1935 1208 usu
1957 1172 2076 1208 venire
2092 1173 2130 1207 in
2147 1169 2251 1209 rebus
2267 1183 2346 1222 per·
2386 1163 2393 1207 s

1309 1223 1518 1275 plexis‚quia
1525 1220 1631 1261 facile
1640 1224 1849 1262 abducimur
1866 1226 1904 1261 in
1920 1227 2032 1262 varios
2044 1226 2206 1262 circuitus
2219 1249 2227 1265 ‚
2258 1225 2347 1263 dum
2402 1234 2405 1238 '

1311 1280 1425 1315 exitus
1435 1278 1548 1316 nullus
1557 1290 1710 1331 apparet.
1724 1279 1953 1317 Temerarios
1965 1275 2036 1317 esse
2045 1279 2178 1327 judices
2188 1280 2248 1330 qui
2257 1292 2347 1331 prae-
2399 1276 2402 1280 ⁴

1310 1331 1378 1370 eise
1389 1331 1561 1370 damnant
1581 1331 1714 1371 factum
1731 1333 1853 1373 Abrae,
1877 1333 2126 1384 particularem
2141 1336 2264 1371 tamen
2273 1334 2347 1384 lap-

1313 1387 1387 1424 sum
1402 1401 1475 1423 non
1487 1383 1557 1423 esse
1569 1387 1777 1439 negandum
1789 1412 1798 1428 ,
1827 1387 1924 1438 quod
1936 1387 1985 1424 ob
1996 1399 2153 1425 mortem
2168 1399 2276 1439 quam
2284 1386 2350 1424 fibi
2405 1423 2408 1425 ,

1312 1444 1550 1493 propinquam
1561 1441 1746 1479 metuebat
1755 1442 1931 1493 trepidans
1942 1465 1950 1481 ‚
1963 1440 2168 1479 discriminis
2178 1453 2363 1481 eventum,

1312 1499 1394 1533 Deo
1405 1510 1480 1533 non
1495 1498 1735 1536 commifitme
1747 1499 1866 1534 uxoris
1875 1496 2088 1549 pudicitiam
2105 1496 2199 1534 male
2215 1496 2349 1549 prode-

1309 1563 1375 1589 ret.
1407 1553 1495 1603 Qo
1510 1551 1678 1602 exemplo
1696 1565 1890 1589 monemur
1912 1575 1922 1593 ,
1942 1553 1981 1588 in
1996 1550 2103 1595 rebus
2115 1551 2295 1604 implicitis
2313 1556 2351 1591 &
2388 1556 2395 1562 “

1311 1604 1638 1658 dubiis‚petendum
1651 1602 1752 1643 effea
1765 1609 1931 1644 Domino
1949 1605 2084 1643 confilii
2102 1611 2136 1644 &
2153 1606 2350 1659 prudentiae
2397 1624 2400 1628 ·

1311 1662 1469 1714 spiritum
1496 1664 1507 1702 ‚‘
1535 1674 1581 1699 ne
1604 1661 1688 1714 quid
1707 1660 1844 1701 temere
1861 1672 1986 1700 contra
2003 1663 2077 1711 ejus
2099 1662 2250 1705 verbum
2264 1673 2350 1712 ten-⁴
2391 1705 2404 1719 *s

1313 1729 1441 1769 temus.

1362 1774 1413 1811 Ex
1423 1770 1487 1809 hac
1496 1769 1639 1808 historia
1649 1772 1803 1813 constats
1816 1771 2008 1810 Abrahami
2019 1782 2184 1825 tempore
2204 1773 2347 1825 AEgyp-

1309 1829 1379 1866 tios
1392 1827 1467 1864 suos
1477 1822 1636 1864 habuiffe
1648 1840 1750 1880 reges
1759 1826 1955 1867 Pharaones
1965 1826 2244 1878 distos‚quorum
2254 1837 2349 1862 tem⁸⁷

1311 1896 1399 1934 pora
1408 1882 1569 1933 digerere
1578 1881 1646 1918 five
1663 1895 1707 1919 ex
1724 1881 1865 1918 historia
1881 1881 1973 1918 sacra
1984 1903 1994 1920 ‚
2022 1881 2090 1917 five
2110 1893 2154 1917 ex
2165 1879 2349 1931 prophana

1311 1949 1424 1973 nemo
1435 1935 1532 1972 certo
1551 1936 1678 1985 potest.
1712 1937 1805 1984 Qae
1820 1936 1918 1971 enim
1936 1931 2130 1971 afferuntur
2151 1947 2195 1970 ex
2217 1935 2347 1971 Mane-

1311 1988 1564 2027 thonistabulis
1582 1986 1659 2024 sunt
1676 2000 1761 2038 pura
1773 2000 1858 2039 puta
1876 1989 2015 2025 somnia
2036 1988 2080 2025 de
2097 1987 2202 2025 rebus
2229 2011 2238 2029 ‚
2254 2023 2255 2028 ,
2269 2001 2347 2040 quae

1310 2056 1385 2080 non
1396 2041 1509 2079 solum
1519 2041 1689 2078 diluvium
1701 2041 1889 2080 universale
1899 2066 1908 2083 ‚
1937 2042 1995 2080 sed
2005 2044 2115 2080 etiam
2125 2044 2349 2080 creationem

1309 2096 1477 2135 mundi&
1488 2098 1654 2135 omnium
1663 2095 1867 2138 hominum,
1880 2099 2037 2149 primum
2047 2096 2228 2135 Adamum
2244 2109 2347 2135 ante-

1310 2146 1442 2188 ceffiffe
1453 2149 1645 2203 finguntur.
1668 2151 1736 2188 Sed
1744 2151 1815 2189 hoc
1824 2163 1963 2189 cer-tum
1972 2152 2033 2192 est,
2049 2151 2147 2203 quod
2157 2149 2345 2192 diximus&

1309 2217 1474 2256 tempore
1485 2204 1677 2242 Abrahami
1685 2207 1759 2253 jam
1768 2202 1926 2244 habuisse
1936 2205 2013 2244 suos
2021 2208 2143 2259 Reges
2153 2230 2161 2245 ‚
2173 2205 2278 2258 usque
2299 2205 2348 2244 ad.
2379 2244 2384 2247 ⁷

1309 2259 1488 2298 excidium
1500 2259 1763 2312 Hierosolymae
1784 2266 1817 2298 ὃ(
1836 2261 2129 2312 deportationem
2148 2259 2344 2311 Babyloni-

1309 2327 1389 2351 cam
1401 2338 1409 2353 ‚
1421 2327 1576 2365 quorum
1586 2315 1782 2365 postremus
1790 2315 1928 2353 Pharao
1947 2314 2124 2364 VVaphres
2139 2314 2184 2352 ab
2193 2313 2345 2352 Eusebio
2372 2322 2378 2332 ²

1305 2369 1500 2420 appellatur
1512 2392 1521 2409 ‚
1552 2373 1585 2405 &
1599 2368 1643 2406 ab
1656 2369 2104 2419 Herodot0,lib.2.Apries.
2132 2368 2226 2406 Seda
2235 2371 2342 2421 Jere—

1307 2427 1380 2460 mia
1388 2437 1527 2475 cap-44·
1541 2422 1622 2460 veri:
1627 2437 1678 2469 30.
1692 2436 1837 2462 vocatur
1846 2423 2236 2475 ywmchophrmquem
2245 2425 2344 2473 Deus

1305 2480 1416 2515 etiam
1427 2478 1568 2514 tradidit
1580 2479 1617 2514 in
1626 2491 1777 2516 manum
1788 2477 2072 2518 Nebucharetsar
2091 2481 2203 2531 Regis
2221 2475 2342 2515 Babel.
2386 2486 2387 2489 ’

1307 2532 1362 2570 Ab
1373 2531 1578 2570 Abrahamo
1587 2544 1709 2570 autem
1731 2537 1790 2584 qui
1808 2533 1869 2571 sub
1887 2531 2068 2571 Pharaone
2088 2532 2229 2570 vivebat
2247 2533 2343 2579 cujus
2366 2578 2370 2582 Ι

1303 2587 1359 2624 hic
1369 2586 1409 2624 fit
1421 2589 1575 2627 mentio,
1586 2587 1690 2639 usque
1700 2588 1744 2624 ad
1752 2588 2095 2628 Sedeciaeinteritum
2106 2612 2115 2628 ‚
2134 2601 2206 2639 quo
2216 2597 2346 2639 regna-

1305 2644 1353 2679 vit
1361 2641 1418 2679 hic
1427 2643 1622 2693 postremus
1635 2641 1767 2678 Pharao
1778 2665 1788 2682 ,
1805 2638 2077 2679 intercesserunt
2088 2644 2172 2678 anni
2190 2654 2230 2679 M.
2251 2654 2337 2678 ccc.

1304 2709 1420 2734 xxxvi.
1438 2695 1633 2733 Pharaonis
1651 2707 1789 2732 nomen
1801 2708 1998 2732 commune
2007 2694 2075 2733 fuit
2087 2695 2256 2734 om'nibus
2272 2696 2338 2732 ΛΞ·

1303 2754 1406 2803 gypti
1415 2749 1588 2801 Regibus,
1608 2760 1803 2800 antequam
1820 2762 1975 2802 regnum
1984 2752 2021 2787 in
2038 2748 2215 2789 Persarum
2232 2761 2338 2801 pote-

1302 2806 1427 2840 statem
1447 2799 1649 2840 deveniffet.
1681 2806 1869 2856 Sumptum
1885 2800 1987 2843 fuisse
2004 2805 2130 2842 volunt
2153 2803 2297 2856 quidam
2316 2802 2338 2841 ὲ

1302 2857 1414 2894 Pharo
1424 2855 1604 2896 insula,sed
1614 2869 1737 2895 contra
1747 2872 1897 2897 omnem
1907 2861 2097 2908 rationem3
2107 2872 2223 2911 neque
2236 2860 2337 2896 enim

1303 2911 1471 2949 credibile
1493 2912 1541 2949 est
1559 2911 1604 2949 ab
1623 2912 1749 2954 insula,
1771 2928 1881 2966 eaque
1892 2928 1968 2952 non
1979 2915 2101 2967 magni
2113 2915 2269 2951 nominis
2279 2911 2335 2949 vel

1301 2966 1541 3019 amplitudinis
1554 2991 1564 3007 ‚
1591 2980 1729 3005 nomen
1748 2969 1902 3007 inditum
1919 2964 2019 3007 fiu‘ffe
2039 2968 2181 3021 regibus
2204 2979 2334 3021 poten·

1302 3021 1446 3059 tillimis.
1470 3020 1641 3075 Josephus
1651 3025 1760 3061 veteri
1772 3026 2027 3076 AEgyptiorum
2038 3023 2160 3075 lingua
2170 3022 2240 3060 vult
2247 3019 2329 3057 fuit·

1300 3076 1333 3115 se
1349 3090 1488 3117 nomen
1511 3078 1762 3135 appellativum
1778 3084 1903 3130 Regem
1922 3077 2129 3131 fignificans.
2163 3073 2266 3166 Apgd
2285 3073 2329 3109 E·

2241 3138 2328 3165 raeos
2371 3155 2374 3157 ,
