2411 3348
218 105 409 211 {egionem
434 165 541 204 quam
561 147 711 189 incoluit
720 147 814 199 seir,
839 148 885 186 ab
895 147 1022 189 Mauo,
1041 150 1101 200 qui
1118 147 1245 200 pilosus

220 225 314 255 erat3
333 211 381 248 est
390 210 488 245 enim
500 218 578 255 aym
587 205 685 255 sear,
699 202 853 256 capillus,
883 203 1247 256 ltaqueintelligenda

219 250 291 303 effe
305 277 365 314 per
382 262 675 311 anticipationem
684 259 786 298 dieta,
801 271 876 310 quae
886 271 989 296 antea
1000 258 1143 307 desehir
1155 258 1247 310 apud

217 317 360 357 Mosem
369 316 596 368 reperiuntur.
629 312 742 360 Quod
759 314 819 351 etsi
831 312 1247 365 probabilitatisspeciem
1273 312 1276 313 ⁷

216 373 346 411 habeat
357 396 365 412 ‚
377 382 500 407 tamen
514 371 552 405 in
569 368 692 407 medio
701 367 880 419 relinquo.-
904 371 960 405 De
973 369 1123 405 nomine
1134 365 1245 407 Iacob,

176 451 183 460 -
214 422 293 466 satis
303 425 449 464 constat,
465 422 484 460 ὲ
496 425 645 460 nomine
662 433 739 475 αρν
750 421 839 463 cheb,
853 422 1033 460 calcaneus
1044 446 1053 461 ‚
1068 421 1163 467 unde
1171 434 1247 459 ver-

216 483 305 520 bum
316 491 389 530 ³5³9
401 477 503 518 ahab,
515 478 705 515 deductum
720 472 803 517 effe,
815 479 895 529 quia
908 490 990 514 curn
998 476 1104 514 frater
1117 478 1248 528 primus

217 535 445 590 egrederetur
457 557 466 573 ‚
480 531 692 570 tenebatille
703 530 814 569 fratris
831 532 1036 569 calcaneum
1047 556 1055 572 ,
1075 532 1167 584 quafi
1182 531 1248 568 ob-

215 593 303 629 stare
313 584 476 626 voluiffet
486 611 495 628 ‚
507 600 552 625 ne
562 589 656 638 prior
674 586 899 639 egrederetur
911 600 955 624 ex
969 599 1082 624 utero.
1111 587 1248 623 Idcirco

215 655 360 684 vocatus
371 640 698 692 fuitsupplantator3
717 641 813 692 quod
834 642 896 679 etfi
912 644 948 678 in
959 642 1092 678 malam
1108 638 1263 692 partem'

215 700 405 750 accipiatur
416 700 453 734 in
472 696 665 734 moralibus
680 716 690 736 ς
707 694 966 747 significatione
989 696 1245 745 metaphorica,

215 768 282 807 pro
304 766 350 791 eo
368 751 465 804 quod
474 752 523 789 est
539 751 700 800 decipiens
710 774 717 788 ‚
730 749 787 786 hic
797 750 832 785 in
841 751 982 800 propria
989 748 1248 801 fignificatione

214 809 327 860 accipi
344 806 452 844 debet
463 830 471 846 ,
482 819 546 858 pro
560 816 676 841 tenens
684 804 845 853 plantam
854 829 863 842 ‚
874 814 934 840 aut
944 803 1133 839 retardans.
1162 803 1248 839 Hoc

214 875 338 902 autem
357 860 559 898 ominosum
576 854 678 895 fuisse
697 868 841 894 eventus
852 857 992 894 docuit.
1027 855 1250 894 Ostendebat

214 920 317 956 enim
331 915 498 968 quorsum
510 911 680 951 tendebat
689 911 823 948 collisio
834 911 972 960 illa·ja1n
983 912 1019 947 in
1034 923 1135 948 utero
1145 909 1246 950 fasta,

214 983 348 1023 nempe
364 970 409 1013 ad
425 968 612 1005 nativitatis
629 967 864 1018 principatum
887 967 1135 1017 occupandum
1154 992 1163 1006 ,
1183 965 1248 1001 illis

215 1026 361 1077 quidem
372 1022 482 1061 adhuc
494 1020 728 1059 nescientibus
738 1021 822 1071 quid
833 1034 997 1073 ageretur
1014 1045 1021 1062 ‚
1036 1020 1094 1058 sed
1108 1023 1189 1057 Deo
1202 1020 1247 1056 fic

214 1080 442 1131 disponente,
454 1078 571 1124 &jam
583 1087 660 1114 tum
672 1076 812 1128 fignum
823 1075 1015 1113 exhibente
1032 1077 1080 1113 rei
1099 1075 1176 1126 post
1194 1073 1251 1111 fu-

171 1156 177 1162 ·
214 1147 310 1173 turae.
339 1132 435 1170 Solet
446 1129 636 1183 aliquando
653 1133 749 1168 Deus
764 1132 802 1167 in
813 1129 1070 1168 nonnullorum
1083 1130 1245 1166 nativita-

214 1202 270 1229 te,
292 1188 482 1240 praeiertim
495 1198 621 1223 eorum
641 1187 700 1237 qui
716 1184 797 1222 clari
814 1182 921 1222 futuri
939 1184 1016 1222 sunt
1029 1212 1038 1225 ,
1061 1183 1246 1222 ostendere

213 1244 334 1295 aliquo
349 1243 451 1294 {igno
461 1268 470 1281 ‚
486 1241 570 1292 quid
589 1239 666 1291 ipsis
676 1265 684 1281 ,
703 1239 756 1276 vel
766 1238 924 1291 peripsos
933 1239 1005 1276 aliis
1015 1238 1172 1277 accidere
1186 1238 1248 1276 de-

212 1299 308 1336 beat.
337 1297 403 1334 Sed
413 1297 493 1333 talia
504 1308 543 1334 ut
552 1293 741 1345 aliquando
755 1294 850 1331 bona
863 1317 871 1334 ‚
884 1295 928 1331 sic
938 1296 1047 1331 etiam
1057 1294 1247 1345 aliquando

213 1352 309 1391 mala
326 1350 542 1404 praesagiunt.
580 1349 671 1387 Non
690 1347 814 1398 puduit
833 1349 1058 1386 Leonardum
1077 1349 1244 1388 Marium,

213 1421 299 1445 cum
308 1405 378 1443 hoc
387 1405 554 1457 praesagio
565 1403 608 1440 de
616 1403 771 1455 Jacobo‚
783 1415 988 1454 comparare
1000 1402 1180 1440 somnium
1190 1402 1247 1440 seu

210 1463 388 1499 vifionem
414 1461 534 1496 matris
560 1458 747 1494 Dominici
763 1457 852 1495 illius
874 1457 1019 1509 Hispani
1043 1459 1248 1495 institutoris

214 1516 312 1554 settae
334 1516 677 1552 Dominicanormm
698 1526 770 1563 quo
788 1511 993 1554 somniavit,
1013 1512 1045 1551 se
1057 1514 1249 1564 parituram

216 1583 335 1607 canem
349 1595 358 1608 ‚
371 1571 553 1619 quitatum
563 1566 737 1604 mundum
747 1565 818 1616 effit
827 1567 1038 1616 incensurm.
1073 1569 1114 1604 Et
1123 1567 1158 1603 id
1169 1567 1246 1617 qui-

216 1625 302 1662 dem
320 1634 529 1675 portentum
548 1635 623 1658 non
646 1619 711 1658 fuit
726 1622 836 1658 nihili.
877 1622 976 1660 Nam
994 1622 1055 1659 etfi
1073 1619 1250 1658 Pontificii

214 1679 345 1716 illudin
365 1677 500 1713 bonam
514 1688 650 1728 partem
664 1678 848 1727 accipiant,
862 1689 913 1713 res
927 1676 995 1728 ipsa
1008 1675 1172 1715 ostendit,
1189 1689 1246 1712 ca-

215 1735 269 1771 nis
283 1731 398 1784 figura
409 1728 511 1768 fuiffe
529 1730 750 1783 designatum
765 1754 773 1771 ,
793 1731 983 1768 hominem
1001 1733 1181 1783 impurum
1192 1754 1200 1769 ‚
1215 1735 1249 1767 &

217 1789 277 1839 qui
289 1787 418 1824 canino
431 1775 557 1823 latratu
571 1787 694 1822 omnia
705 1784 944 1836 completurus
955 1783 1054 1828 effet3
1069 1783 1146 1822 fore
1159 1787 1248 1822 item

215 1841 498 1880 incendiarium,
529 1853 613 1877 nam
640 1851 851 1877 mnocentes
875 1841 1082 1877 innumeros
1107 1838 1269 1887 cujusvis

216 1896 313 1934 sexus
325 1896 399 1947 igni
411 1894 563 1935 addixit,
577 1899 610 1931 ὅ(
621 1893 750 1944 ubique
761 1893 824 1931 suis
834 1906 935 1932 autor
945 1892 1021 1936 fuit,
1036 1896 1120 1948 igne
1131 1899 1163 1932 &
1174 1894 1249 1948 gla-

216 1951 278 1988 dio
289 1949 458 1987 saeviendi.
487 1949 552 1986 Sed
562 1949 632 1986 hoc
645 1947 771 1986 obiter.

265 2004 479 2044 Notandum
490 2004 550 2041 ubi
563 2004 606 2041 de
617 2004 846 2055 impolitione'
857 2005 1012 2042 nominis
1023 2005 1106 2043 Esau
1118 2006 1244 2057 agitur,

218 2061 350 2112 ubique
374 2059 522 2096 verbum
534 2060 685 2097 afftivum
700 2058 850 2111 usurpari
872 2070 991 2111 tte-‘pn
1011 2059 1193 2106 vajjikreti
1215 2064 1250 2097 ἅτ

216 2127 447 2153 vocaverunt,
468 2127 599 2165 nempe
617 2113 756 2153 velalii‚
777 2113 831 2150 vel
849 2125 1010 2164 parentes
1024 2140 1033 2153 ‚
1046 2117 1101 2152 vel
1111 2116 1168 2165 qui
1180 2127 1248 2150 no-

217 2182 304 2205 men
316 2168 576 2220 imposuerunt5
591 2172 684 2216 Item
694 2167 878 2206 vers26.de
890 2167 1007 2219 Jacob
1026 2179 1126 2218 tripu
1137 2169 1249 2214 vajji-

217 2222 295 2260 imi,
311 2227 344 2258 δε
358 2224 505 2262 vocavit,
519 2236 649 2274 nempe
659 2236 799 2263 vocans,
811 2227 876 2259 ἅτ.
904 2225 943 2257 In
954 2224 1071 2273 primo
1079 2223 1244 2275 Vulgata,

219 2276 262 2312 ad
275 2275 408 2313 sensum
418 2277 514 2328 quod
530 2280 658 2314 attinet
670 2302 678 2318 ,
693 2277 787 2315 bene
804 2278 908 2314 vertit
924 2290 986 2327 per
1000 2277 1245 2327 impersonale,

219 2336 253 2368 δέ
263 2341 430 2367 vocatum
440 2332 497 2367 est.
516 2335 553 2367 In
565 2331 666 2369 secun
672 2333 718 2369 do
732 2334 876 2370 retinuit
886 2332 1037 2368 astitum
1049 2333 1249 2382 appellavit.

271 2384 311 2421 Id
321 2383 401 2421 ideo
412 2383 592 2422 referimus
603 2388 682 2436 quia
695 2385 869 2423 Pontificii
879 2386 1002 2423 volunt
1011 2386 1094 2422 alibi
1110 2399 1250 2424 textum

217 2438 382 2477 Ebraemn
400 2434 470 2475 effe
489 2452 693 2490 corruptum
704 2467 712 2479 ‚
728 2440 916 2491 praesertim
926 2442 1005 2491 quia
1015 2440 1117 2478 Esaiae
1129 2455 1246 2493 cap.9.

219 2492 363 2531 Ebraice
382 2492 510 2544 legitur
527 2503 598 2529 mm
611 2504 714 2544 mpii
731 2497 891 2539 vasijikm
901 2496 1049 2542 schemo,
1071 2497 1250 2533 &vocavit

219 2560 359 2585 nomen
369 2549 450 2594 ejus:
462 2546 522 2584 ubi
534 2545 683 2596 Vulgata
693 2545 803 2584 habet
812 2572 820 2587 ‚
834 2548 878 2592 &³
892 2559 1062 2585 vocatum
1076 2550 1119 2598 est
1128 2563 1249 2587 nomen

218 2605 311 2647 ejus,
325 2606 389 2638 &c.
423 2604 547 2653 Qm
564 2599 686 2636 locum
705 2615 778 2637 non
799 2601 911 2639 solum
934 2614 1103 2653 torquent
1121 2604 1246 2655 Judaei,

219 2656 395 2694 sedetiam
410 2660 494 2692 novi
504 2654 679 2691 Sociniani
691 2678 699 2693 ³
720 2667 759 2692 ut
773 2656 892 2697 titulos
903 2656 980 2693 illos
998 2681 1005 2696 ‚
1019 2656 1245 2696 admirabilis,

217 2709 447 2760 confiliarius,
460 2708 658 2758 Deusfortis
672 2732 680 2747 7
696 2714 762 2747 &c.
794 2708 925 2746 Messiae
937 2710 1121 2747 detrahant
1135 2735 1144 2750 ‚
1157 2712 1249 2762 quali

219 2764 309 2802 solus
327 2765 611 2814 titulusprincipbs
621 2767 713 2813 pacis
726 2788 734 2804 ‚
756 2764 815 2815 ipli
834 2777 1057 2814 competeret
1068 2789 1075 2803 ‚
1089 2770 1121 2802 ὃς
1139 2765 1249 2802 sensus

223 2814 571 2859 effenadmirabilbs,
588 2817 809 2867 confiliarim,
832 2818 1041 2868 Dewsfhrtis,
1057 2824 1122 2857 &c.
1140 2833 1247 2857 voca-

218 2875 418 2912 bitnomen
431 2876 501 2921 ejus
516 2897 524 2913 ,
537 2874 732 2924 principem
743 2875 844 2925 pacis.
870 2876 903 2910 Si
919 2885 1040 2910 autem
1055 2872 1180 2925 paffive
1198 2873 1248 2910 le—

221 2942 362 2982 geretur
379 2931 416 2965 in
432 2927 556 2965 Ebraeo
570 2951 578 2967 ‚
600 2928 697 2978 quod
713 2927 789 2965 fieri
805 2929 920 2980 potest
937 2931 1079 2965 mutatis
1098 2930 1243 2980 punctis,
1266 2933 1269 2937 '

221 2985 345 3021 omnia
364 2983 422 3020 illa
439 2983 600 3021 dicentur
618 2981 661 3019 de
679 2982 818 3021 Christo
835 3007 843 3023 ‚
863 2988 897 3020 ὃς
915 2985 980 3020 erit
994 2994 1250 3036 argumentum

220 3036 391 3076 firmiffim
397 3051 457 3075 um
468 3051 531 3089 pro
542 3038 685 3075 Deitate
696 3039 779 3086 ejus.
807 3037 1041 3091 Agnoscimus
1053 3040 1250 3089 corruptio*

220 3106 308 3132 nem
319 3092 527 3146 Judaeorum
536 3095 573 3131 in
585 3093 877 3146 interpretatione
888 3107 897 3135 3
917 3094 998 3131 atin
1009 3105 1107 3132 textu
1116 3092 1250 3132 nullam

813 75 1759 124 1u“CA12.XXV.2Gznns.

1318 146 1389 187 effe
1399 162 1535 188 certum
1548 151 1595 189 est
1607 176 1616 192 ‚
1629 164 1696 190 nec
1706 151 1815 188 etiam
1826 147 1992 189 omnibus
2003 152 2025 203 J
2027 148 2132 189 udaeis
2149 150 2347 204 placuit-dei

1318 205 1425 242 torfio
1434 208 1629 244 Sociniana‚
1641 219 1747 256 quam
1759 207 1870 253 rejicit
1878 205 2094 249 Aben-Ezra‚
2108 204 2210 246 siant,
2219 209 2343 258 inquit,
2365 239 2373 248 „

1319 262 1382 310 qui
1390 259 1528 300 dicant,
1549 261 1614 297 hac
1626 284 1634 298 ,
1650 259 1864 297 admirabilu
1873 284 1881 300 ‚
1895 259 2105 307 consiliarius
2114 285 2122 300 ‚
2135 261 2345 311 Demfbrtis,
2367 299 2369 302 ,

1311 324 1411 363 pater
1413 313 1521 361 seculi
1533 316 1630 362 ‚sunt
1640 317 1781 350 nomina
1790 316 1859 350 Dei
1868 341 1877 354 ‚
1889 313 1934 358 &1
1946 328 2067 351 nomen
2072 317 2172 364 pueri
2181 340 2188 355 ‚
2191 314 2241 365 fit
2247 318 2345 365 prin—
2369 322 2392 345 ·“’

1317 377 1386 417 ceps
1389 377 1482 417 pacta
1494 382 1501 408 ς
1506 368 1571 416 sed
1585 368 1676 403 mihi
1688 367 1835 403 videtur
1842 370 1957 417 potitur
1968 393 1976 405 .
1993 372 2110 406 omnia
2121 372 2190 407 is‘i'a
2197 368 2272 419 sint
2285 383 2344 407 no-
2365 370 2385 411 ,“

1318 424 1418 460 mina
1432 424 1541 471 pueri.
1573 420 1719 459 Notum
1736 421 1785 457 est
1801 421 1841 457 iis
1858 424 1917 472 qui
1928 422 2071 461 Ebraice
2082 423 2202 466 sciunt,
2217 426 2346 475 imper-

1317 476 1481 514 sonaliter
1498 476 1707 528 plerumque
1723 474 1812 511 sumi
1822 473 1925 522 verba
1937 477 2208 528 tertiaepersonae
2221 502 2229 518 ‚
2247 477 2346 516 nullo

1319 528 1481 584 expresso
1499 533 1548 568 rei
1560 532 1698 583 agentis
1708 531 1858 566 nomine
1875 553 1883 569 ›
1897 534 1929 566 &
1941 530 2134 581 emphasim
2147 529 2218 570 esse
2235 534 2268 570 in
2281 533 2348 570 fin-

1318 587 1449 639 gulari,
1461 585 1699 637 unusquzsque
1713 582 1874 624 vocabit,
1889 583 1943 620 vel
1957 588 2126 626 vocavit,
2138 600 2232 624 eum.
2264 588 2345 634 Ejus
2379 616 2385 620 „
2410 611 2411 615 =

1316 642 1386 681 rei,
1405 642 1443 677 in
1455 641 1582 678 eadem
1595 653 1683 676 voce
1701 637 1758 675 hic
1778 638 1950 676 habemus
1961 638 2219 692 duffexempla,
2232 642 2292 679 ubi
2309 644 2347 679 in
2367 678 2370 682 ,

1316 694 1470 732 secundo
1488 694 1557 746 ipsa
1576 693 1717 745 vulgata
1733 693 1883 730 activum
1895 694 2040 730 retinuit
2048 693 2118 730 fine
2129 695 2348 745 expreffione
2368 737 2371 740 ,

1317 748 1472 800 personae
1491 750 1660 786 vocantis.
1693 748 1857 785 Tertium
1870 747 1894 785 fi
1911 749 1986 798 quis
1999 747 2083 784 velit
2094 772 2103 788 ‚
2122 748 2220 800 leget
2232 750 2348 802 Judic.
2390 747 2394 750 ’

1313 816 1387 854 cap.
1399 816 1424 839 1.
1442 812 1541 842 amn
1553 811 1642 850 ηψπ
1656 810 1716 839 nv
1733 811 1780 839 not
1798 813 1898 853 mpii
1921 804 2082 848 vajjikra
2098 802 2156 839 eth
2156 803 2275 853 schem
2290 807 2350 843 air
2384 799 2386 801 ’

1316 855 1508 895 chormah.
1537 856 1581 892 Et
1597 856 1736 892 vocavit
1752 868 1891 892 nomen
1903 858 2055 894 civitatis
2072 857 2232 896 Chorma
2251 878 2262 903 3
2282 873 2348 911 pro

1315 926 1361 949 eo
1386 910 1484 964 quod
1505 910 1698 948 diceretur,
1724 908 1769 954 &
1783 922 1952 949 vocatum
1969 914 2027 949 εέῗ.
2065 914 2171 950 Hanc
2188 914 2352 966 regulam
2385 939 2396 942 -

1315 966 1475 1019 agnoscit
1492 966 1544 1003 Fr.
1564 963 1699 1003 Ribera
1715 964 1921 1017 Jesuita‚{in
1932 980 2005 1018 cap.
2017 967 2166 1005 2.M1'ch.
2181 982 2279 1006 num.
2292 982 2347 1017 17.
2366 1009 2371 1013 ‚y

1316 1025 1495 1059 Futurum
1516 1021 1678 1057 aestivum
1687 1019 1763 1070 fine
1772 1019 1933 1070 supposito
1941 1021 2022 1071 sape}
2033 1020 2207 1071 pafflvam
2225 1022 2350 1060 habere

1306 1075 1601 1127 significationem.
1634 1078 1756 1126 Itaque
1775 1073 1894 1112 frustra
1911 1075 2089 1113 adversarii
2106 1078 2350 1116 mutationem

1314 1131 1417 1168 malae
1434 1128 1516 1166 fidei
1526 1131 1562 1165 in
1573 1128 1722 1166 Ebraico
1735 1140 1834 1166 textu
1851 1128 2046 1177 objiciunt,
2060 1143 2104 1167 ex
2121 1144 2167 1168 eo
2185 1133 2281 1184 quod
2294 1136 2349 1170 in-

1315 1196 1484 1237 terpretes
1503 1185 1618 1221 Graeci
1635 1195 1694 1221 aut
1705 1185 1780 1220 Lati
1785 1184 1820 1219 ni
1833 1207 1841 1223 ‚
1857 1184 1911 1221 vel
1929 1183 2060 1236 paffivo
2070 1185 2179 1223 verbo
2190 1200 2346 1229 utuntur,

1315 1241 1370 1276 vel
1387 1236 1610 1290 impersonali
1625 1256 1635 1281 3
1655 1251 1738 1276 cum
1756 1240 1855 1275 enim
1874 1239 2117 1292 intelligerent
2136 1242 2208 1278 vim
2223 1242 2361 1293 phrafisr

1315 1295 1464 1334 Ebraeae,
1476 1294 1570 1331 bene
1590 1291 1667 1329 sunt
1678 1295 1897 1343 interpretati
1908 1317 1916 1333 ⁷
1929 1293 1988 1331 sed
2004 1308 2080 1331 non
2095 1295 2178 1333 inde
2196 1296 2349 1348 sequitur

1313 1362 1376 1386 eos
1385 1349 1484 1385 aliter
1493 1342 1616 1400 legisse
1627 1349 1663 1382 in
1672 1345 1733 1383 fon
1740 1358 1786 1386 te,
1797 1359 1903 1398 quam
1913 1347 1982 1385 hoc
1991 1359 2156 1398 tempore
2166 1350 2330 1402 legimus,

1370 1402 1693 1455 Qmadmodum
1715 1404 1848 1452 priores
1874 1400 1946 1437 duo
1965 1401 2095 1438 Adami
2121 1402 2183 1439 filii
2202 1407 2293 1443 Cain
2315 1412 2350 1445 &

1315 1458 1427 1498 Abel,
1448 1455 1619 1493 diversum
1639 1456 1716 1491 vitae
1735 1468 1847 1506 genus
1864 1454 1997 1506 sequuti
2014 1455 2111 1498 sunt3
2134 1459 2184 1495 ita
2204 1459 2275 1497 duo
2294 1462 2349 1497 isti

1314 1508 1434 1549 fratres
1444 1509 1630 1561 postquam
1647 1509 1877 1546 adoleverunt
1891 1533 1899 1549 ‚
1911 1523 1975 1561 pro
1985 1509 2224 1551 inclinationis
2235 1519 2267 1552 &
2283 1519 2348 1552 nass

1316 1579 1400 1603 turae
1410 1566 1475 1602 suae
1487 1567 1719 1603 ratione‚vitae
1728 1565 1887 1602 instituto
1896 1564 2039 1616 separati
2048 1562 2346 1615 fuerunr5vers2‘7.

1314 1620 1398 1659 Esau
1415 1623 1465 1657 vir
1476 1619 1636 1656 robustus
1649 1642 1657 1658 ›
1677 1624 1711 1656 ὅ(
1732 1633 1854 1657 natura
1865 1616 1966 1656 ferox
1979 1646 1987 1659 ‚
2001 1622 2182 1659 venationi
2202 1623 2233 1660 se
2247 1638 2348 1662 exer-
2363 1662 2365 1664 ,

1315 1678 1398 1716 cuit,
1424 1672 1575 1713 &fanus
1585 1675 1634 1711 est
1652 1684 1729 1712 ww:
1755 1687 1819 1712 mm
1836 1674 2026 1723 Ischsadeh
2039 1699 2047 1715 ‚
2066 1675 2170 1717 idest,
2182 1680 2247 1715 vir
2256 1682 2344 1728 agri.
2368 1699 2380 1708 ==
2403 1699 2411 1709 ·

1315 1731 1468 1784 Vulgata
1486 1729 1801 1778 vertitagricolam3
1821 1728 1878 1766 sed
1887 1729 2013 1781 phrasis
2031 1732 2205 1783 agrestem
2213 1736 2343 1785 potius,

1316 1791 1349 1824 &
1364 1784 1516 1823 efferum
1525 1782 1707 1836 fignificat.
1736 1783 1836 1822 Nam
1847 1784 2002 1837 agricola
2017 1784 2142 1824 dicitur
2162 1796 2260 1829 now
2275 1797 2349 1836 *my

1314 1840 1398 1879 obed
1409 1839 1565 1878 adamah
1582 1865 1592 1879 .
1614 1839 1735 1876 colens
1754 1851 1893 1876 terram.
1914 1839 2041 1876 Genes
2059 1854 2094 1887 4.
2113 1841 2154 1888 ψ.
2170 1855 2199 1877 2.
2233 1839 2347 1887 Quod

1316 1910 1386 1934 Lxx
1401 1896 1565 1934 dixerunt
1582 1891 1885 1946 ἐςφαζόρᾶυΘ-»τίῶ
1899 1893 1970 1939 ›ylw'
1982 1912 1992 1937 ς
2019 1896 2079 1947 qui
2094 1894 2151 1933 hic
2169 1906 2347 1933 verterunt

1315 1962 1395 1991 triv
1414 1959 1482 1988 <mn
1500 1952 1644 2000 ἀκοικὸν
1660 1949 1846 2001 agrestem.
1882 1950 2014 1986 Frustra
2028 1951 2136 2002 igitur
2151 1952 2186 1986 in
2196 1949 2347 2001 agricul-

1317 2016 1401 2041 tura:
1414 2003 1561 2040 laudem
1581 2002 1639 2040 hic
1658 2005 1812 2040 Pererius
1829 2005 2000 2042 excurrit,
2023 2004 2116 2055 quasi
2127 2005 2346 2041 venatoriste

1315 2056 1417 2097 fimul
1427 2057 1581 2095 addictus
1591 2055 1696 2094 fuerit
1706 2056 1925 2108 agriculturae
1935 2083 1945 2096 ‚
1963 2057 2059 2107 quod
2069 2070 2181 2110 genus
2195 2061 2272 2095 vitae
2282 2072 2344 2109 pa-

1314 2126 1394 2150 rum
1405 2110 1487 2150 cum
1498 2114 1570 2160 ejus
1582 2111 1741 2148 moribus
1754 2109 2001 2149 conveniebat.
2020 2117 2052 2151 V
2055 2114 2347 2165 enationem—igi-
2377 2135 2389 2145 .

1316 2180 1371 2205 tur
1387 2166 1497 2220 elegit
1511 2191 1519 2207 ‚
1539 2179 1708 2217 tanquam
1727 2165 1868 2204 liberius
1885 2168 2113 2206 exercitium,
2135 2172 2168 2204 ὅ(
2180 2166 2342 2206 militare.

1315 2222 1485 2260 Paulatim
1499 2221 1684 2260 eniinhoc
1700 2221 1778 2257 vitae
1789 2233 1923 2272 genere
1933 2244 1941 2260 ‚
1964 2220 2050 2258 dum
2064 2221 2096 2257 se
2113 2220 2268 2259 adversus
2280 2221 2346 2260 be-

1312 2278 1390 2314 stias
1401 2288 1582 2314 exerceret
1593 2300 1601 2315 ,
1612 2271 1755 2312 assuevit
1765 2277 1873 2311 etiam
1885 2275 2029 2312 militiae.
2064 2277 2162 2313 Hinc
2179 2277 2228 2313 est
2247 2278 2345 2328 quod

1314 2331 1435 2384 postea⁴
1454 2344 1538 2369 cum
1556 2330 1822 2382 quadringentis
1832 2333 1973 2368 armatis
1982 2328 2077 2368 fratri
2089 2343 2259 2368 occurret.
2288 2336 2345 2369 An

1314 2399 1436 2425 autern
1455 2387 1526 2423 hoc
1547 2388 1623 2423 vitae
1633 2397 1745 2437 genus
1755 2385 1851 2434 quod
1861 2387 1898 2421 in
1909 2387 2096 2422 venatione
2108 2385 2261 2422 confistit
2273 2386 2346 2437 pla-

1315 2445 1360 2479 ne
1376 2441 1416 2477 fit
1430 2440 1708 2492 improbandum
1720 2463 1728 2478 ‚
1740 2441 1820 2489 quia
1832 2440 1888 2474 vix
1897 2438 2017 2489 aliquis
2026 2441 2063 2474 in
2080 2437 2241 2490 {criptura
2256 2441 2344 2493 legi-
2398 2476 2401 2479 ,

1317 2509 1371 2534 tur
1388 2495 1547 2532 addictus
1566 2494 1768 2531 venationi,
1789 2492 1957 2542 qui'inter
1971 2492 2130 2530 laudatos
2141 2496 2230 2530 viros
2240 2508 2344 2547 repo-

1315 2561 1419 2588 natur
1436 2567 1447 2592 3
1469 2548 1622 2585 diximus
1639 2545 1740 2582 antea
1756 2547 1799 2582 ad
1820 2559 1924 2597 caput
1944 2561 1985 2586 x,
2006 2547 2066 2585 ubi
2082 2548 2126 2585 de
2146 2548 2341 2589 Nimrodo.

1315 2608 1462 2642 Summa
1477 2603 1544 2641 est,
1564 2602 1773 2638 exercitium
1794 2600 1878 2638 illud
1894 2614 1956 2652 per
1971 2600 2002 2639 se
2023 2602 2158 2639 malum
2177 2617 2252 2640 non
2270 2601 2342 2642 effe

1314 2658 1369 2696 vel
1386 2656 1559 2707 culpabile
1579 2679 1587 2695 ,
1611 2654 1708 2706 quod
1727 2657 1835 2691 etiam
1849 2658 1884 2691 in
1901 2654 1976 2693 filio
1993 2656 2123 2694 santius
2144 2659 2193 2694 vir
2213 2657 2341 2698 Isaacus

1315 2726 1388 2749 non
1403 2710 1634 2762 improbavit;
1651 2709 1709 2746 sed
1725 2709 1934 2761 plerumque
1948 2710 2150 2749 obnoxium
2160 2708 2230 2750 effe
2240 2715 2338 2752 vitio,

1315 2767 1395 2818 quia
1410 2767 1466 2802 vix
1484 2764 1516 2801 se
1539 2766 1727 2802 continent
1748 2767 1806 2817 qui
1823 2763 1932 2802 semel
1951 2761 2340 2819 affueverunrsanguini

1315 2819 1535 2859 effundendo
1546 2844 1554 2860 ‚
1566 2821 1650 2872 quin
1660 2819 1849 2870 aliquando
1860 2822 1896 2857 in
1904 2819 2069 2857 homines
2081 2820 2168 2872 ipsos
2182 2825 2341 2873 tyranni-

1314 2873 1354 2912 ce
1371 2874 1403 2912 se
1422 2886 1557 2926 gerant.
1585 2873 1650 2911 Sed
1658 2887 1722 2925 pro
1734 2875 1871 2912 ratione
1884 2876 2341 2924 circuinstantiarum‚judi-
2394 2892 2400 2896 ·

1313 2929 1468 2967 candum
1480 2930 1527 2966 est
1544 2929 1588 2966 de
1606 2931 1642 2965 iis
1653 2930 1712 2980 qui
1725 2923 1971 2966 venationibus
1987 2929 2192 2983 indulgent3
2213 2945 2278 2969 nec
2288 2945 2341 2969 res

1312 2983 1382 3036 ipsa
1392 2983 1577 3035 propterea
1588 2979 1784 3035 scrupulose
1796 2985 1994 3031 rejicienda.
2384 2983 2386 2985 ’

1365 3042 1422 3076 De
1443 3037 1586 3091 Jacobo
1613 3039 1739 3075 dicitur
1757 3039 1854 3090 quod
1872 3036 1978 3076 fuerit
1999 3048 2050 3077 nn
2071 3047 2133 3077 mm
2160 3039 2236 3088 Isch
2252 3050 2338 3081 tam,
2378 3044 2385 3049 “

1314 3096 1489 3147 Pugninus
1512 3096 1576 3132 vir
1586 3093 1762 3144 perfecffus.
1801 3096 1926 3133 Trem.
1948 3099 1981 3132 δε
2005 3095 2088 3144 Jun.
2115 3095 2180 3130 vir
2195 3096 2336 3142 integer.

2192 3148 2344 3201 Vulgata
