2411 3348
167 87 246 116 222
844 62 930 104 IN
1013 45 1201 105 CAiJ.

192 131 210 180 -Ῐι
224 140 326 179 nobis
341 137 419 178 sunt
431 138 542 176 allata.
565 134 673 174 Addit
683 133 813 174 etiam,
832 132 931 185 quod
949 145 1025 170 non
1043 133 1092 169 est
1102 143 1228 169 conte—

193 195 392 234 mnendum
402 219 410 235 ,
423 191 637 231 vocabulum
655 190 834 239 imaginis,
853 201 930 225 non
940 186 1052 236 semel
1068 184 1228 238 usurpare

190 251 349 290 Paulum,
360 262 425 300 pro
443 261 484 285 ea
499 243 737 285 similitudine,
753 256 830 295 quae
846 243 884 280 in
903 241 1005 279 donis
1023 242 1181 294 gratuitis
1194 246 1227 280 ὅ(

190 302 503 358 supernaturalibus
520 298 677 336 maxime
704 298 868 335 consistit.
897 309 936 334 ut
957 309 982 333 1.
1001 296 1043 333 ad
1063 295 1226 334 Corinth.

190 374 264 412 cap.
276 371 317 406 15.
327 372 357 396 v.
368 371 425 405 49.
444 358 543 392 Sicut
553 355 780 404 portavimus
792 355 983 402 imaginem
993 353 1122 388 terreni
1131 377 1140 391 ‚
1147 359 1226 401 por-

188 427 301 452 temus
317 413 503 460 imaginem
521 409 668 446 caelenis.
704 413 738 446 ὅ(
761 408 806 445 ad
823 402 961 446 Coloff
979 419 1007 453 3.
1027 419 1058 443 v.
1082 418 1133 444 10.
1167 410 1244 451 In-⁴

187 470 328 506 duentes
340 478 477 502 novum
489 463 662 501 hominem
677 465 741 514 qui
753 472 948 500 renovatur
959 464 998 498 in
1014 462 1225 511 agnitionem

187 525 268 561 Dei,
275 520 468 571 secundum
480 521 668 568 imaginem
679 521 753 564 eim
762 520 825 570 qui
843 518 983 554 creavit
993 529 1082 553 eum.
1095 513 1170 552 Ubi
1180 515 1224 552 de

188 575 412 629 qualitatibus
429 572 638 611 immediate
661 575 787 627 agitur.
819 569 926 609 Unde
951 569 1046 609 retite
1071 569 1222 624 colligit,

185 631 312 669 harum
322 643 473 669 vocum,
491 629 656 681 imaginis
678 633 711 665 δε
730 627 962 665 similitudinis
981 625 1136 663 eandem
1152 621 1224 663 effe

186 689 270 727 vim,
283 690 316 723 &
332 682 651 739 figiiificationem5
673 683 796 735 easque
813 681 884 720 hoc
902 682 987 719 loco
1007 680 1052 718 ad
1068 680 1167 718 idem
1184 680 1224 717 fi-

186 738 410 795 gnificantitls
421 764 430 781 >
443 737 640 791 expressnls,
654 743 686 775 &
699 736 858 777 illustrius
875 735 1138 776 declarandum,
1153 730 1224 772 effe

173 791 322 848 positas.
352 794 512 832 Eandem
537 792 749 831 sententiam
774 792 998 844 ampleffitur
1023 790 1223 829 Gulielmus

185 851 304 891 listins,
315 852 353 887 in
369 848 454 887 sent.
466 848 528 886 lib.
539 862 569 886 2.
581 848 654 886 dist.
665 851 714 887 16.
723 847 802 886 sest.
814 857 844 885 6.

236 906 287 942 Ex
298 903 350 942 his
361 916 482 942 autem
499 916 575 955 quae
583 902 750 942 haetenus
763 900 854 941 dieta
863 902 951 941 sunt,
969 912 1067 954 patet
1082 898 1222 940 solutio,
1246 906 1250 910 “

186 959 230 997 ad
242 959 488 1007 objeffionem
498 958 620 1000 Basilii,
632 957 890 1010 Blasphemiam
909 952 979 994 effe
999 957 1023 993 fi
1033 957 1107 1007 quis
1118 954 1221 994 dicat,

185 1018 221 1052 in
231 1016 402 1065 Scriptura
413 1010 483 1051 effe
494 1013 640 1065 aliquod
656 1013 804 1051 verbtun
817 1011 983 1050 otiosum.
1003 1010 1043 1046 Id
1052 1011 1151 1046 enim
1160 1022 1223 1045 ne-

186 1081 250 1105 mo
262 1071 337 1120 pius
353 1067 470 1107 ferret.
493 1068 560 1105 Sed
570 1081 646 1105 non
657 1068 706 1105 est
724 1066 879 1104 otiosum
896 1063 1045 1102 verbum
1064 1065 1223 1116 exegeti—

185 1136 281 1163 cum‚
293 1136 366 1174 quo
376 1136 428 1160 res
438 1124 552 1175 magis
569 1135 609 1159 ac
619 1123 733 1175 magis
750 1122 958 1173 exprimitur
967 1143 976 1159 ‚
991 1117 1067 1156 ime>
1084 1120 1222 1155 ratione

184 1178 305 1218 nostri,
317 1177 506 1230 praesertim
516 1176 680 1214 hocloco
693 1175 756 1215 ubi
772 1173 929 1227 primiim
940 1174 1009 1212 hoc
1022 1175 1092 1211 Dei
1111 1172 1222 1209 confi-

184 1231 274 1269 lium
285 1231 390 1270 nobis
408 1230 617 1283 eitplicatur‚
638 1229 859 1269 utiliffimum
871 1229 940 1267 fuit
955 1242 1044 1266 voce
1063 1227 1122 1265 illa
1140 1240 1223 1264 exe-

184 1289 302 1338 getica
311 1286 416 1324 nobis
425 1285 602 1326 declarari,
612 1285 805 1322 hominem
812 1279 913 1322 fuisse
928 1295 1087 1322 creatum
1105 1280 1148 1318 ad
1159 1295 1221 1319 ex-

182 1339 426 1393 preffiffimam
440 1345 473 1377 &
483 1353 591 1391 quam
600 1339 817 1378 simillimam
829 1341 900 1377 Dei
913 1339 1123 1392 imaginem.

239 1397 410 1449 vais
422 1396 603 1432 autemita
620 1393 820 1433 sentiamus,
834 1399 868 1432 ὅ(
886 1393 1031 1445 quidem
1047 1403 1221 1444 quantum

184 1450 403 1504 argumentis
416 1462 459 1486 ex
475 1451 647 1501 Scriptura
657 1448 823 1501 consequi
839 1444 1032 1500 possumus,
1043 1446 1133 1487 vere3
1146 1459 1219 1482 non

185 1516 307 1542 tamen
324 1504 379 1541 vel
404 1505 527 1541 erroris
543 1504 729 1556 perniciosi
745 1528 754 1544 ‚
776 1503 893 1540 multo
911 1505 1028 1540 minus
1051 1499 1220 1539 haereseos

184 1557 402 1599 arcessimus,
415 1560 475 1610 qui
485 1557 549 1596 hac
564 1558 786 1596 distinfi'tione
797 1559 845 1596 ufi
860 1557 937 1595 sunt
947 1582 955 1597 ‚
968 1569 1005 1595 ut
1017 1570 1079 1609 per
1090 1557 1220 1607 imagi-

183 1626 270 1652 nem
282 1637 290 1653 ‚
300 1612 544 1666 intelligantur
554 1611 735 1651 facultates
746 1615 874 1650 animae
891 1608 1216 1651 effentiales,mens‚

183 1667 343 1716 voluntas
353 1691 363 1708 ,
377 1673 411 1705 8(
423 1670 602 1705 memoria
618 1683 626 1709 ;
649 1681 712 1719 per
727 1667 996 1705 fimilitudinem
1007 1690 1015 1706 ‚
1036 1667 1219 1717 qualitates

181 1724 329 1762 animae,
343 1721 498 1773 exempli
514 1724 645 1775 gratia,
664 1721 763 1774 quod
782 1735 884 1759 mens
900 1721 1099 1758 illuminata
1113 1718 1220 1757 fuerit

182 1777 271 1817 fide,
292 1778 469 1814 memoria
489 1775 699 1814 confirmata
717 1775 774 1828 spe
787 1801 796 1818 ‚
815 1782 849 1814 &
861 1775 1021 1813 voluntas
1039 1774 1218 1812 charitate.

183 1833 272 1869 Haec
287 1833 385 1868 enim
402 1842 477 1868 tam
495 1826 707 1872 essentialia,
727 1845 835 1883 quam
851 1830 1081 1879 accidentalia
1096 1832 1134 1866 in
1151 1827 1218 1865 ho-

182 1888 281 1923 mine
292 1887 436 1937 integro
452 1881 556 1923 fuisse
573 1885 797 1941 agnoscimus
814 1885 834 1923 a
845 1888 958 1937 prima
969 1886 1150 1922 creatione
1163 1906 1171 1920 ‚
1184 1887 1218 1919 δε

182 1940 227 1977 de
239 1952 285 1976 eo
295 1951 373 1976 non
386 1942 671 1991 controvertitur.
701 1941 768 1977 Sed
784 1954 829 1977 an
845 1943 971 1992 imago
989 1940 1059 1975 Dei
1077 1935 1217 1974 tantum

178 1993 296 2031 inillis
308 1988 546 2032 essentialibus
563 1994 741 2034 consistat,
755 2008 830 2032 non
847 1993 966 2047 potitis
983 1993 1020 2030 in
1038 1991 1215 2043 qualitati-

181 2048 257 2088 bus,
268 2047 305 2083 id
315 2045 397 2084 νει-ὸ
406 2048 456 2084 est
467 2048 511 2086 de
522 2062 594 2100 quo
605 2050 776 2100 quaeritur.
1041 2089 1045 2094 ,

235 2104 483 2154 Qpropter‚
503 2103 596 2140 mala
612 2101 682 2140 fide
702 2105 777 2156 agit
792 2103 1022 2141 Bellarminus
1039 2114 1122 2139 cum
1141 2104 1212 2139 Or-

182 2157 349 2194 thodoxis
365 2155 587 2208 scriptoribus
607 2183 615 2199 ‚
635 2159 694 2209 qui
711 2159 912 2210 imaginem
929 2160 1000 2194 Dei
1015 2170 1077 2209 per
1093 2169 1217 2207 pecca—

182 2223 260 2248 tum
268 2213 305 2247 in
314 2210 464 2249 homine
474 2208 574 2250 fuisse
585 2226 659 2249 non
669 2211 784 2250 solum
796 2212 1017 2250 obscuratam
1028 2223 1087 2249 aut
1098 2208 1212 2247 defor-

180 2277 329 2304 matam,
341 2263 398 2302 sed
416 2267 526 2303 etiam
538 2267 759 2318 deperditam
768 2273 801 2305 δε
812 2262 987 2307 amissam,
999 2265 1211 2318 scripserunt,

177 2318 348 2357 haereseos
364 2321 501 2357 crimen
517 2323 687 2374 impingit
705 2337 713 2363 ς
735 2325 831 2360 Cum
847 2320 923 2358 satis
942 2324 1057 2362 norit,
1077 2335 1138 2359 eos
1156 2322 1215 2371 qui

179 2374 225 2411 fic
245 2373 437 2425 loquuntur
455 2398 464 2415 ,
485 2376 686 2429 imaginem
703 2377 774 2413 Dei
791 2371 1007 2413 constituisse
1025 2378 1061 2412 in
1083 2378 1122 2413 iis
1140 2388 1215 2413 tan—

180 2427 279 2468 nim,
298 2441 375 2479 quae
388 2428 656 2479 supernaturalia
671 2433 744 2479 jam
756 2429 860 2469 nobis
879 2431 975 2471 sunt,
997 2431 1057 2467 etfi
1075 2431 1214 2468 homini

179 2481 336 2534 primum
350 2495 481 2524 creato,
492 2483 661 2522 naturalia
672 2483 814 2525 fuerint,
827 2497 866 2523 ut
874 2485 935 2522 suo
947 2486 1031 2522 loco
1044 2486 1212 2528 dicemus3

180 2535 216 2573 id
227 2538 287 2579 est,
298 2538 335 2573 in
345 2537 580 2588 qualitatibus,
593 2552 676 2590 quas
686 2538 817 2577 ablatas
833 2536 933 2577 fuiffe
944 2553 989 2577 ne
999 2541 1059 2591 ipfi
1068 2542 1214 2593 quidem

180 2590 359 2628 adversarii
373 2604 526 2646 negant:
538 2608 581 2631 ex
591 2607 746 2645 quorum
763 2595 895 2646 alioqui
913 2593 1026 2634 sensu,
1039 2601 1073 2634 ὃ(
1085 2610 1214 2634 eorum
1232 2623 1234 2626 ψ

179 2647 348 2682 omnium
357 2649 417 2697 qui
434 2650 634 2701 imaginem
642 2650 713 2685 Dei
730 2651 767 2686 in
777 2645 870 2687 effen
876 2649 1014 2686 tialibus
1026 2654 1154 2688 animae
1164 2650 1214 2688 fa-

173 2699 367 2737 cultatibus
383 2702 675 2743 constituunt‚ne
690 2703 741 2739 illi
758 2704 905 2755 quidem
922 2718 1010 2755 quos
1023 2706 1214 2743 calumnia-

176 2766 235 2807 tur
243 2750 482 2808 negaviffent‚
497 2755 652 2793 haerefim
664 2752 734 2793 effe
751 2757 1078 2809 perniciofiffimam
1094 2760 1119 2796 fi
1139 2763 1213 2810 quis

127 2857 129 2859 q
179 2808 313 2846 diceret
329 2810 530 2862 imaginem
545 2809 644 2847 illam
662 2806 732 2846 esse
750 2811 969 2862 deperditam
981 2837 989 2853 ‚
1001 2814 1037 2850 id
1049 2815 1097 2850 est
1108 2838 1116 2853 ,
1129 2814 1213 2863 ipsas

178 2865 306 2901 animae
317 2861 498 2902 facultates
514 2864 693 2906 ablatas‚&
703 2867 829 2902 animae
841 2862 1026 2904 essentiam
1039 2865 1211 2906 amiffam.

181 2922 213 2954 T
217 2930 279 2955 um
291 2919 389 2955 enim
398 2918 590 2957 dicendum
601 2915 833 2960 effetmovarn
843 2922 880 2956 in
890 2921 1038 2959 homine
1050 2925 1210 2960 animam

179 2983 327 3021 peccato
341 2971 537 3010 obnoxiam
546 2975 623 3026 post
635 2973 766 3025 lapsum
777 2971 847 3012 effe
859 2987 1023 3013 creatam.
1039 2976 1077 3013 Id
1091 2990 1211 3014 autem

179 3025 281 3075 plane
292 3026 477 3065 absurdum
487 3026 554 3071 est'3
567 3043 651 3066 nam
669 3029 743 3066 talis
753 3029 772 3065 a
780 3031 863 3067 Deo
874 3044 948 3068 non
966 3034 1084 3083 potuit
1093 3034 1210 3070 creari.

183 3079 236 3116 Ab
255 3080 325 3118 alio
343 3094 463 3120 autem
481 3086 539 3135 qui
547 3085 643 3123 Deus
659 3097 735 3122 non
743 3085 795 3128 fit,
801 3088 908 3124 creari
922 3086 1011 3123 nihil
1022 3088 1147 3140 potest.

1267 59 1680 115 1.,Ganes.

1342 132 1450 170 Certe
1470 130 1632 170 finatura
1648 130 1914 175 inteueecuah's,
1935 147 2003 187 qua
2015 134 2109 176 talis,
2128 136 2330 193 imaginem

1289 188 1359 223 Dei
1371 185 1572 230 constituat,
1582 199 1659 225 non
1670 185 1785 226 solum
1800 191 1836 226 in
1847 187 1998 228 homine
2014 189 2110 242 lapso
2119 196 2152 229 &
2161 206 2330 244 peccato-

1288 254 1337 278 re,
1350 253 1473 279 verum
1484 244 1595 279 etiam
1605 243 1643 280 in
1660 241 1835 283 damnatis
1847 244 2032 283 animabus
2045 250 2078 283 ὃς
2096 248 2133 283 in
2150 247 2226 299 ipfis
2244 251 2327 287 1)ae-

1290 295 1461 334 monibus
1478 296 1642 334 manebit
1653 299 1778 352 imago
1796 301 1877 337 Dei.
1907 302 2005 343 Hinc
2017 301 2172 353 estquod
2183 306 2328 343 Bernar-

1290 350 1365 391 dus,
1376 350 1475 404 serm.
1487 364 1514 388 1.
1529 352 1573 389 de
1583 356 1785 392 annunciat.
1814 358 1932 405 Imago
1950 356 2095 407 (inquit)
2115 359 2153 392 in
2169 358 2329 407 gehenna

1287 405 1357 456 ipsa
1368 407 1488 444 videri
1493 410 1630 457 poterit,
1641 421 1710 445 non
1722 412 1840 451 exuri3
1853 410 1983 451 ardere,
1987 411 2052 460 fied
2061 424 2128 447 non
2139 411 2259 454 deleri;
2277 412 2329 458 ό*

1288 474 1506 513 quocumque
1517 464 1709 512 perveniat
1723 466 1846 502 anima
1856 463 1967 515 fimul
1984 464 2028 510 ὠ»
2041 466 2110 515 ipsa
2127 469 2203 503 erit.
2234 466 2326 506 Non
2379 493 2381 499 ‹

1287 517 1420 554 mirum
1433 517 1601 568 est‘igitur
1615 541 1624 558 ‚
1642 518 1668 555 fi
1680 520 1740 570 qui
1751 521 1952 572 imaginem
1967 522 2038 558 Dei
2051 521 2120 559 hoc
2139 521 2255 559 modo
2272 524 2327 559 in-

1287 571 1518 613 tellexerunt,
1535 574 1629 610 inter
1649 586 1782 612 errores
1795 577 1962 627 Origenis
1979 575 2216 627 reposuerint,
2229 577 2326 628 quod
2374 616 2377 619 ,

1287 625 1449 664 docuerit
1457 629 1658 681 imaginem
1675 630 1746 666 Dei
1762 631 1800 666 in
1811 628 1961 666 homine
1978 629 2113 680 prorsus
2125 626 2197 666 esst?
2211 634 2320 669 extin-

1286 682 1390 718 &am.
1420 681 1521 720 Nam
1539 682 1679 722 Homil.
1690 699 1719 721 2.
1734 685 1771 720 in
1783 684 1980 721 Leviticum
2000 682 2102 724 dicit,
2114 693 2252 732 peccato
2270 689 2324 722 in-

1285 739 1588 787 tervenientepnon
1601 737 1773 788 confistere
1790 740 1977 786 imaginem
1997 740 2077 774 Dei.
2092 752 2093 755 ¹
2112 740 2235 793 Qm
2253 735 2325 787 eju's

1285 789 1498 829 sententiam
1517 805 1692 830 conantur
1713 790 1874 829 refellere
1889 816 1898 833 ,
1918 790 2085 843 Epiphan.
2106 794 2143 829 in
2164 795 2259 845 epist.
2280 796 2325 833 ad

1284 848 1389 897 Joan.
1402 846 1824 898 Hierosolymitanuin,&
1836 847 1986 884 Hieron.
2000 846 2044 884 ad
2054 849 2325 888 Pammachium

1286 913 1411 938 contra
1426 915 1560 939 errores
1573 901 1729 949 ejusdem
1745 903 1904 953 Joannis.
1991 950 1996 954 η
2136 942 2141 943 ⁷

1335 956 1403 993 Sed
1419 969 1541 993 verum
1552 957 1601 993 est
1617 968 1739 994 tamen
1750 981 1759 997 ‚
1780 955 1878 1008 quod
1890 955 1935 993 ab
1951 957 2015 994 illis
2032 959 2067 994 in
2088 958 2252 1010 Origene
2266 973 2323 997 re-

1283 1008 1510 1061 prehenditur
1529 1035 1537 1051 ,
1562 1016 1595 1048 &
1611 1012 1649 1047 in
1668 1012 1871 1048 nostrorum
1887 1012 2095 1063 quibusdam
2121 1011 2249 1065 scriptis
2259 1029 2322 1059 *ca—

1283 1066 1502 1103 lumniantur
1518 1064 1696 1102 Pontificii
1712 1090 1721 1106 ,
1741 1066 1834 1116 apud
1853 1065 1941 1103 alios
1957 1070 2065 1104 etiam
2083 1071 2199 1105 Patres
2223 1070 2320 1106 inve--

1284 1122 1361 1158 niri.
1391 1119 1492 1158 Nam
1508 1119 1559 1156 illi
1575 1117 1660 1171 saepe
1680 1119 1723 1158 de
1739 1122 1900 1173 imagine
1917 1122 1961 1158 ad
1987 1135 2094 1174 quam
2114 1134 2247 1159 creatus
2260 1121 2322 1161 ‘est

1284 1174 1399 1212 homo
1411 1175 1455 1212 fic
1467 1174 1670 1227 loquuntur,
1683 1188 1722 1213 ut
1732 1175 1936 1228 intelligant
1952 1189 2032 1213 eam
2043 1190 2120 1228 quae
2137 1177 2178 1213 iit
2190 1175 2250 1215 suo
2262 1192 2321 1215 ex—

1285 1230 1432 1281 emplari
1450 1243 1557 1282 quam
1570 1230 1747 1267 fimillima
1758 1233 1814 1270 ,in
1827 1229 2007 1268 sanffitate
2025 1237 2057 1269 ὅ(
2067 1231 2204 1280 justitia.
2233 1234 2321 1270 Ideo

1285 1283 1445 1322 Ambros.
1464 1298 1647 1337 exponens
1659 1285 1827 1322 ultimum
1844 1284 1925 1322 vers
1947 1285 2026 1323 Psal.
2039 1300 2106 1329 119.
2122 1287 2322 1340 imaginem

1283 1340 1354 1377 Dei
1367 1343 1515 1391 exponit
1533 1365 1541 1380 ‚
1562 1341 1750 1389 imaginem
1767 1341 1905 1387 justitia
1919 1367 1928 1379 ‚
1943 1340 2114 1390 fhpientia
2128 1367 2136 1379 ‚
2157 1345 2318 1379 virtutis.

1287 1397 1416 1447 Qre
1428 1394 1607 1432 observata
1620 1408 1696 1431 non
1713 1394 1918 1432 mirandum
1929 1419 1938 1436 ‚
1949 1397 1974 1432 si
1991 1396 2084 1448 apud
2101 1409 2162 1433 eos
2175 1395 2320 1434 subinde

1282 1448 1430 1503 legatur,
1442 1451 1643 1503 imaginem
1659 1452 1729 1487 Dei
1747 1464 1821 1487 non
1839 1449 1955 1487 modo
1966 1465 2029 1503 per
2040 1463 2228 1502 peccatum
2242 1450 2322 1488 fuis-

1282 1504 1315 1541 se
1334 1504 1554 1542 obscuratam
1572 1519 1612 1541 ac
1631 1502 1870 1542 deformatam
1882 1529 1890 1545 2
1911 1505 1969 1543 sed
1987 1511 2019 1543 Sc
2041 1506 2197 1542 deletam
2213 1519 2319 1558 atque

1283 1559 1522 1600 obliteratam,
1534 1572 1686 1611 eamque
1702 1573 1765 1611 per
1775 1559 1954 1599 Christum
1963 1559 2159 1600 reformari>
2172 1574 2320 1598 renova-

1282 1615 1321 1654 ri,
1334 1619 1366 1652 &
1379 1616 1522 1652 restitui.
1551 1614 1606 1652 Ad
1623 1615 1716 1651 hunc
1727 1614 1882 1652 modum
1900 1615 2057 1667 loquitur
2076 1615 2214 1653 Basilius
2226 1641 2233 1653 ‚
2253 1616 2314 1654 lib.

1283 1668 1327 1705 de
1336 1673 1389 1720 Sp.
1399 1671 1526 1707 §aneto
1537 1682 1610 1720 cap.
1620 1682 1653 1711 9.
1672 1674 1706 1705 ἃ
1722 1671 1759 1705 in
1777 1682 1977 1706 comment.
1996 1670 2141 1717 Psal.48.
2159 1670 2203 1707 ad
2218 1671 2317 1712 illud,

1284 1727 1393 1760 Homo
1407 1737 1487 1760 cum
1504 1726 1543 1760 in
1557 1723 1678 1760 honore
1690 1721 1844 1774 effetmon
1855 1725 2258 1773 intellexit‚comparatm
2271 1729 2319 1763 eii

1280 1780 1444 1822 iumentis
1461 1776 1694 1828 instpientibios
1706 1805 1715 1817 ‚
1743 1777 1788 1823 &²
1798 1777 1923 1828 similis
1931 1779 2049 1830 fiiii‘eos
2068 1783 2117 1817 eff
2135 1781 2222 1817 illie:
2239 1794 2318 1818 non

1280 1829 1404 1870 amiffa
1420 1844 1542 1869 natura
1555 1833 1739 1871 rationali,
1758 1832 1816 1869 sed
1830 1837 2047 1870 ornamentis
2066 1836 2137 1881 ejus
2147 1858 2155 1875 ‚
2175 1848 2239 1886 per
2256 1835 2316 1871 ho-

1280 1900 1394 1924 norem
1413 1889 1511 1923 enim
1522 1885 1699 1922 intellexit
1715 1887 1893 1926 virtutem,
1904 1888 1942 1922 in
1953 1900 2021 1938 qua
2032 1889 2233 1941 imaginem
2245 1891 2317 1926 Dei

1279 1939 1525 1978 constituebat.
1544 1938 1706 1976 Ambros.
1723 1941 1760 1976 in
1777 1954 1851 1992 cap.
1865 1954 1896 1984 7.
1914 1944 2015 1979 Lucae
2032 1941 2076 1978 ad
2093 1942 2178 1980 illud
2187 1957 2261 1995 cap.
2273 1956 2316 1990 15.

1279 1993 1472 2044 Diffipavit
1481 1993 1715 2043 substantiam
1728 1994 1835 2043 suam
1854 1996 2012 2034 vivendo
2031 1996 2216 2034 luxuriose.
2240 2002 2313 2036 Au-

1280 2049 1367 2101 gust.
1375 2048 1435 2085 hb.
1446 2059 1478 2085 6.
1497 2048 1540 2085 de
1560 2047 1687 2085 Genes.
1698 2049 1741 2085 ad
1757 2049 1808 2086 lit.
1831 2064 1904 2101 cap.
1924 2065 1978 2098 24.
1997 2065 2049 2095 27.
2068 2057 2162 2089 &28.
2181 2056 2214 2089 &
2231 2051 2316 2089 alibi

1279 2104 1463 2141 multoties
1478 2101 1549 2139 hoc
1558 2105 1697 2154 repetit,
1712 2104 1980 2142 Renovabimur
1988 2107 2117 2155 spiritu
2127 2109 2248 2144 mentis
2257 2121 2315 2144 no-

1273 2159 1357 2208 stra,
1364 2157 1557 2207 secundum
1570 2159 1757 2207 imaginem
1777 2162 1850 2205 ejus
1870 2163 1932 2211 qui
1953 2163 2093 2197 creavit
2105 2175 2161 2198 nos
2175 2188 2184 2200 ,
2205 2175 2314 2212 quam

1270 2213 1438 2263 peccando
1455 2212 1578 2248 Adam
1582 2213 1744 2262 perdidit.
1766 2217 1870 2254 Item,
1884 2221 1989 2251 Hanc
2000 2218 2186 2265 imaginem
2199 2219 2237 2253 in
2241 2217 2314 2266 spi-

1279 2271 1352 2305 ritu
1370 2268 1493 2305 mentis
1513 2265 1721 2316 impressam,
1734 2268 1886 2316 perdidit
1903 2270 2027 2306 Adam
2040 2279 2103 2319 per
2117 2280 2311 2320 peccatum,

1279 2336 1388 2375 quam
1399 2323 1589 2370 recipimiffi
1595 2330 1657 2370 per
1662 2324 1817 2370 gratiam
1827 2323 1970 2372 justitia.
1993 2325 2035 2359 Et
2052 2326 2194 2364 iterum,
2206 2328 2244 2362 in
2255 2327 2311 2362 in-

1278 2381 1398 2415 teriore
1409 2376 1544 2413 homine
1548 2373 1627 2424 fuit
1636 2376 2032 2425 spiritualis,secundum
2044 2379 2231 2426 imaginem
2241 2382 2314 2424 eius

1279 2436 1341 2485 qui
1352 2433 1490 2469 creavit
1501 2442 1592 2470 eum,
1605 2430 1697 2480 quod
1703 2428 1819 2479 nmtfit
1823 2431 2002 2480 peccando.
2021 2429 2102 2475 Iino
2110 2434 2148 2468 in
2160 2432 2238 2484 ipfis
2249 2434 2313 2470 Ec·

1278 2488 1387 2526 clefia:
1404 2490 1581 2524 Romanae
1605 2484 1786 2522 ritualibus
1805 2484 1900 2521 libris
1919 2485 1992 2522 haec
2011 2483 2161 2523 habetur
2182 2489 2309 2528 oratio,

1277 2549 1375 2580 Deus
1392 2543 1522 2592 quinos
1532 2539 1580 2576 ad
1589 2541 1777 2588 imaginem
1791 2550 1904 2579 tunm,
1919 2544 2150 2578 sacramentis
2163 2554 2310 2579 renovas

1279 2597 1503 2647 &precepta
1516 2608 1584 2646 qua
1599 2593 1885 2645 praesupponitur,
1896 2596 2096 2647 imaginem
2105 2597 2176 2633 Dei
2191 2597 2227 2632 in
2244 2596 2309 2633 ho-

1275 2655 1374 2688 mine
1390 2646 1492 2687 fuisse
1509 2648 1695 2685 obliterata
1726 2675 1745 2697 Ι.
1764 2670 1766 2677 ν
1793 2651 1866 2696 ujus
1879 2649 2114 2701 discrepantiae
2125 2653 2311 2702 ratimpro-

1277 2706 1372 2744 cedit
1387 2718 1430 2741 ex
1440 2704 1531 2740 varia
1539 2650 1789 2760 imagini&
1802 2703 2036 2756 descriptione
2049 2728 2057 2744 >
2070 2719 2177 2756 quam
2194 2706 2251 2742 alii
2269 2707 2307 2743 in

1275 2758 1389 2798 multo
1398 2757 1552 2810 pluribus
1561 2781 1569 2797 ‚
1582 2757 1640 2794 alii
1649 2758 1685 2793 in
1695 2755 1918 2809 paucioribus
1928 2757 2070 2796 dotibus
2081 2762 2309 2798 constituunt:

1276 2815 1332 2852 alii
1349 2815 1387 2850 in
1406 2807 1553 2850 essentia
1562 2817 1595 2850 &
1605 2812 1829 2862 qualitatibus
1837 2813 1951 2855 fimul,
1962 2814 2020 2851 alii
2035 2816 2072 2851 in
2084 2815 2307 2866 qualitatibus

1276 2867 1503 2908 tantu1113alii
1518 2869 1557 2904 in
1570 2864 1717 2904 essentia
1734 2879 1882 2905 tantum.
1911 2871 1962 2906 Ex
1981 2869 2046 2907 hac
2066 2870 2304 2923 discrepantia,

1272 2925 1378 2961 variat
1402 2922 1573 2973 loquendi
1594 2923 1722 2962 modus
1739 2924 1783 2961 de
1807 2921 1993 2961 amiffione
2012 2925 2065 2962 vel
2084 2927 2306 2963 remanentia

1273 2979 1440 3029 imaginis
1454 2978 1524 3014 Dei
1541 2979 1578 3014 in
1595 2976 1800 3021 hominem.-
1808 2977 1865 3015 alii
1882 2978 1980 3017 aliter
1990 2981 2159 3029 judicent,
2169 2993 2229 3017 aut
2236 2992 2304 3030 po-

1274 3032 1340 3070 tius
1350 3032 1549 3084 loquantur,
1560 3046 1644 3070 curn
1663 3044 1784 3071 tamen
1794 3034 1885 3086 apud
1896 3034 2046 3087 plerosq;
2055 3037 2092 3072 in
2103 3048 2142 3072 re
2149 3032 2219 3085 ipsa
2228 3047 2304 3070 non

1273 3088 1314 3125 fit
1324 3086 1606 3141 diffidium.Ergo
1617 3089 1682 3127 erit
1694 3102 1809 3142 operae
1821 3092 2030 3142 pretium‚ut
2041 3088 2131 3128 hanc
2145 3089 2305 3140 quaestio-

2219 3155 2305 3180 nem
