2411 3348
214 89 233 114 2
241 76 269 113 6

210 146 335 194 imago
346 142 427 178 Dei.
455 140 545 178 Non
557 151 633 177 utar
643 134 867 189 responsione
875 136 1242 189 illorumssqiufdicunt,

212 193 277 235 His
288 196 375 237 locis
389 195 598 246 Apostolum
608 206 683 230 non
691 191 791 242 loqui
799 189 844 228 de
854 204 896 229 ea
902 189 1062 244 imagine
1079 191 1125 228 ad
1135 204 1243 244 quam
1254 206 1255 209 ¹

209 249 367 303 primum
377 261 509 293 creatus
517 249 568 285 est
575 247 702 285 homo,
715 245 774 282 sed
782 244 827 282 ad
836 253 1016 297 quam'per
1025 245 1154 284 Christi
1161 259 1241 301 gra-

210 308 296 342 tiam
308 303 513 341 recreandus
523 307 555 338 &
565 299 809 339 reformandus
820 314 829 336 z
841 302 935 347 cujus
943 302 1110 352 imaginis
1120 305 1243 340 exem-
1272 337 1274 339 ,

208 359 282 412 plar
293 364 326 397 &
339 360 546 410 prototypus
557 356 606 393 est
616 353 687 407 ipse
700 354 865 394 Christus,
879 366 1050 406 quatenus
1066 353 1182 409 homo
1191 355 1242 393 se-

208 414 365 452 cundum
374 414 533 447 animam
546 410 648 446 omni
657 411 826 447 virtutum
835 421 967 462 genere
982 422 1134 449 ornatus,
1147 415 1180 448 8<
1190 411 1240 448 se—

208 469 364 506 cundum
374 479 499 517 corpus
509 468 580 512 jam
590 463 695 504 beata
702 462 974 501 immortalitate
984 463 1144 502 donatus.
1170 466 1240 503 Etfi

897 66 1093 111 INC
1129 79 1163 111 A
1201 66 1327 114 1‚’.=1.>
1389 65 1620 122 Gaude
1659 80 1698 119 s.

1302 136 1461 190 spieuum
1469 159 1480 178 ,
1490 137 1573 179 ideo
1583 137 1751 184 velamini
1758 137 1868 189 Mofis
1880 162 1888 179 ‚
1902 130 2248 192 opponitvEuangeiii
2254 140 2334 195 [μὴ
2344 184 2346 188 ι

1301 192 1434 232 culum,
1447 193 1566 244 influo
1575 188 1729 247 gloriam
1738 194 1892 239 Domini
1900 192 2206 244 contemplamur3
2217 197 2354 240 Ocea-³

1299 247 1398 284 {ione
1407 258 1530 294 autem
1537 246 1665 300 speculi·
1673 247 1775 301 quod
1783 249 1985 300 imaginem
1992 245 2206 299 inspicientis
2212 243 2330 290 refert·

1299 313 1339 339 ut
1350 294 1542 339 similitudo
1552 304 1655 340 omni
1665 316 1709 341 ex
1717 313 1814 355 parte
1820 301 2024 353 conveniat,
2035 304 2110 354 agit
2120 302 2164 347 de
2173 306 2334 357 imagine

1298 356 1335 391 in
1354 368 1462 406 quam
1482 355 1774 402 transformantur
1783 361 1843 409 qui
1850 356 2031 408 speculum
2039 356 2124 394 illud
2134 358 2314 398 intuentur
2323 373 2333 400 ς

1298 410 1396 461 quod
1405 410 1593 461 praesertim
1601 412 1764 451 Ministris
1769 411 1952 464 Euangelii
1961 413 2213 464 competit,qui
2221 411 2333 464 splen-

1299 464 1386 501 dore
1397 465 1583 517 Euangelii
1595 464 1753 512 illustrati
1763 490 1774 508 ‚
1785 466 1938 504 eandem
1953 468 2154 519 imaginem
2164 465 2331 513 referunt,

207 525 304 559 enim
315 513 487 557 vertimfit
497 519 676 558 Christum
685 513 756 556 effe
772 518 953 570 exemplar
969 517 1013 554 ad
1023 519 1120 571 quod
1128 518 1240 558 refor-
1284 511 1332 565 ¹&
1350 518 1438 565 alios
1453 517 1598 558 vicissim
1615 519 1801 562 illustrant,
1823 534 1865 558 ac
1889 520 2014 560 Christi
2032 522 2244 573 cognitione
2262 523 2331 559 im-

205 579 292 614 mari
303 575 437 612 debent
447 574 651 613 Christiani,
672 575 843 610 tamenut
850 586 913 624 per
921 586 1058 611 novum
1068 573 1240 612 hominem
1256 583 1272 626 γ
1297 571 1422 610 bu'unt.
1449 572 1553 611 Nihil
1561 575 1670 628 igitur
1678 574 1722 612 a'd
1729 588 1808 614 rem
1815 572 1901 618 facit
1909 574 1966 614 hic
1975 575 2085 613 locus.
2140 614 2142 616 ,

203 635 241 667 in
259 630 310 667 his
329 629 416 666 locis
430 628 608 668 Christum
624 626 864 680 intelligamus
875 651 883 668 ‚
896 626 1022 667 adduci
1033 642 1109 665 non
1119 625 1238 680 poffu—
1264 629 1267 687 l

1345 628 1413 665 Sed
1429 628 1624 676 rationibus
1639 641 1801 682 pugnant
1811 654 1819 670 ‚
1839 643 1916 681 quae
1933 631 2046 667 etiarn
2059 628 2166 666 nobis
2177 616 2254 668 sunt
2271 623 2331 668 ex·

203 700 239 723 m
246 699 298 725 us;
320 697 358 722 ut
370 698 435 721 nec
446 697 509 735 per
525 679 679 721 veterem
696 681 887 722 hominem,
900 681 1091 721 Adamum.
1119 685 1184 721 Per
1199 699 1237 723 u-
1263 691 1266 731 ξ
1295 682 1503 733 pendendae.
1534 695 1559 721 1.
1576 685 1628 725 Si,
1641 686 1811 736 inquiunt
1827 684 1994 721 statuatur
2011 680 2079 734 ipsa
2087 677 2245 720 hominis
2254 684 2331 722 sub—

203 752 369 790 trumque
390 740 491 775 enim
507 737 718 775 membrum
739 737 942 788 oppositum
961 761 970 777 ‚
992 733 1239 790 intelliguntur
1262 733 1265 800 J
1287 736 1429 776 stantia,
1441 740 1566 789 imago
1577 737 1913 790 De1‘‚sequ1·tur,cum
1922 737 2058 776 dicitur,
2074 735 2330 776 homoadima-

202 796 386 832 contrariae
399 792 582 844 qualitates
593 795 630 828 in
648 791 799 829 homine
815 790 849 829 se
866 804 995 840 mutuo
1005 792 1235 843 expellenteS,
1262 803 1264 835 ῑ
1290 793 1408 840 ginem
1418 795 1489 828 Dei
1498 795 1547 829 ert
1556 794 1712 830 conditus
1721 818 1731 832 ‚
1743 790 1878 829 sensum
1889 788 1959 829 effe
1970 815 1980 832 ‚
1993 795 2102 830 Homo
2111 792 2163 829 ad
2167 791 2329 843 substan-

202 849 358 900 quamvis
370 847 490 884 vitiosa
505 847 550 884 ab
569 847 710 884 Adamo
723 847 764 884 fit
781 844 946 884 transfusa.
956 862 966 887 ,ς
984 845 1097 896 sancta
1113 861 1236 886 autem
1293 847 1383 882 tiam
1393 845 1549 885 hominis»
1563 846 1619 883 vel
1631 846 1727 894 homo
1738 849 1786 883 eff
1795 843 2062 898 conditus,quod
2072 846 2121 884 est
2129 846 2328 888 absurdum,

201 909 235 941 ὃ(
244 904 341 952 justa,
354 916 397 939 ex
409 901 534 940 Christi
546 903 679 941 merito
692 900 854 939 derivata.
1294 912 1378 936 cum
1387 900 1481 943 aliud
1491 900 1603 953 longe
1619 901 1660 939 {it
1673 899 1790 947 homo
1799 924 1808 941 ‚
1821 900 1917 949 aliud
1928 902 2054 953 imago
2067 925 2076 942 ,
2091 900 2135 938 ad
2147 915 2255 953 quam
2264 901 2331 939 ho-

252 956 470 1009 Respondeo
481 959 590 1010 igitur
599 980 607 996 ‚
620 969 665 992 ex
679 955 766 992 locis
775 956 888 993 citatis
900 954 988 1002 nihil
1004 954 1097 1001 aliud
1113 957 1238 1010 colligi
1258 956 1264 1039 J
1293 967 1359 990 mo
1370 954 1605 1009 estcoqditus.
1634 954 1738 1006 Resp,
1749 954 1948 993 Absurdum
1955 954 2042 992 illud
2052 955 2162 992 oriria
2171 956 2265 993 mala
2272 958 2329 993 in-

200 1008 320 1065 pelle,
333 1012 393 1049 etfi
412 1025 473 1062 per
488 1013 690 1064 imaginem
700 1011 772 1048 Dei
784 1008 1046 1062 ,intelligamus
1059 1022 1140 1046 eam
1159 1024 1236 1062 quae
1260 1046 1263 1063 ὗ
1294 1019 1434 1059 terpret.
1454 1007 1586 1046 horum
1604 1008 1794 1047 verborum
1816 1034 1825 1050 ,
1850 1010 1899 1046 ad
1911 1012 2101 1059 imaginem
2119 1013 2199 1047 Dei.
2230 1008 2330 1049 Nam

201 1069 321 1119 primo
340 1066 482 1103 homini
498 1069 536 1103 in
553 1066 734 1102 creatione
750 1059 917 1115 impreffa
935 1064 1003 1104 est,
1022 1068 1055 1100 ὅ(
1073 1063 1117 1100 ad
1127 1078 1236 1115 quam
1291 1063 1417 1114 imago
1434 1064 1504 1109 Dei
1519 1060 1665 1100 sumitur
1681 1063 1736 1101 vel
1752 1077 1816 1115 pro
1825 1063 1900 1116 iPso
1913 1063 2106 1115 exemplari
2121 1064 2327 1117 improprie,

199 1122 278 1173 post
298 1131 485 1172 peccatum
506 1120 665 1156 renovari
687 1117 858 1156 debemus
879 1133 886 1157 ς
908 1118 970 1154 nifi
987 1118 1084 1169 quod
1097 1121 1236 1172 agnitio
1292 1116 1329 1153 id
1341 1117 1401 1155 est,
1414 1129 1480 1169 pro
1489 1129 1526 1154 re
1537 1116 1597 1154 illa
1606 1131 1681 1169 quae
1691 1120 1729 1154 in
1737 1121 1820 1155 Deo
1831 1118 2191 1170 confideratur‚quam
2202 1115 2345 1174 imago)

144 1179 146 1181 ’
200 1178 281 1215 Dei,
293 1175 420 1223 justitia
428 1179 462 1212 &
471 1172 703 1211 sanstimonia
712 1185 791 1219 vera
806 1197 814 1213 ‚
830 1172 874 1209 ad
881 1174 1045 1225 imaginis
1053 1172 1143 1210 illius
1152 1188 1232 1225 per-

199 1228 299 1267 fe&ae
316 1234 349 1266 &
361 1231 508 1281 integrae
517 1230 696 1265 rationem
705 1230 903 1278 pertinent,
919 1240 986 1264 nee
994 1221 1095 1278 poffe
1104 1230 1232 1280 imagi-

200 1296 287 1321 nem
306 1283 404 1320 illam
424 1279 493 1320 effe
504 1281 699 1334 perfeistam
711 1286 744 1318 ὃς
761 1285 844 1318 Deo
861 1283 898 1318 in
917 1280 1085 1329 omnibus
1102 1296 1233 1320 conve-

199 1340 372 1378 nientem,
385 1338 510 1389 adeoq;
523 1337 582 1388 ipfi
592 1348 742 1387 gratam,
755 1337 817 1373 nifi
830 1349 906 1388 quae
916 1350 959 1373 ex
972 1349 1014 1372 ea
1024 1335 1101 1373 sunt
1110 1333 1234 1375 amiffa

197 1393 429 1430 restituantur.
458 1390 523 1428 Sed
545 1390 628 1427 inde
647 1404 722 1428 non
732 1389 884 1442 sequitur
891 1391 1136 1443 imaginisDei
1145 1391 1233 1429 nihil

1293 1169 1408 1208 efficta
1424 1170 1667 1222 repracsentare
1686 1171 1811 1214 debet;
1835 1174 1889 1210 vel
1904 1186 1970 1224 pro
1979 1172 2050 1225 ipsa
2063 1172 2182 1226 effigie
2191 1178 2225 1219 ᾅ-
2234 1174 2329 1212 fimi-

1291 1225 1443 1262 litudine
1461 1239 1537 1277 quae
1553 1226 1783 1278 repraesentat.
1813 1229 1933 1265 Primo
1951 1228 2066 1265 modo
2082 1228 2170 1266 nihil
2188 1220 2254 1266 erit
2264 1228 2328 1267 ab·

1292 1278 1382 1317 surdi
1395 1280 1420 1317 fi
1429 1280 1586 1318 dic-amus
1595 1283 1724 1319 Homo
1740 1280 1849 1320 faetus
1860 1284 1909 1319 est
1925 1282 2263 1334 ad'exemplarpDei.
2294 1286 2327 1321 Si
2384 1323 2386 1325 ,

1292 1346 1414 1372 autem
1424 1332 1577 1373 secundo
1588 1335 1703 1373 modo
1716 1339 1946 1388 accipiamur,
1960 1349 2036 1374 tum
2047 1337 2152 1384 verba
2167 1337 2238 1378 illa,
2250 1335 2325 1376 fieri
2347 1372 2350 1378 .

1259 1389 1261 1399 '
1290 1389 1334 1426 ad
1343 1391 1544 1442 imaginem
1555 1414 1563 1431 ‚
1574 1390 1660 1436 nihil
1673 1391 1767 1429 aliud
1774 1389 2040 1444 fignificabunt,
2053 1405 2162 1443 quam
2178 1390 2325 1430 fieriali-

198 1450 235 1483 in
244 1446 393 1484 homine
410 1442 629 1486 remanfiffe,
643 1445 696 1482 vel
705 1447 881 1486 animam,
899 1458 1069 1496 quatenus
1081 1446 1130 1483 est
1139 1445 1232 1498 spiri·
1257 1444 1261 1499 1
1290 1444 1374 1495 quid
1385 1468 1393 1485 ‚
1405 1445 1493 1482 utfit
1503 1447 1627 1498 imago
1636 1444 1725 1483 illius
1739 1449 1793 1484 rei
1804 1460 1909 1498 quam
1920 1457 2157 1498 prototypum
2171 1447 2234 1486 fibi
2242 1460 2308 1499 pro
2317 1471 2326 1477 ·

199 1501 298 1538 tualis
310 1526 318 1541 ‚
329 1505 557 1552 incorporea,
569 1500 782 1545 immortalis
793 1524 801 1540 ‚
812 1500 1078 1552 intelligendi&
1090 1501 1233 1538 volendi
1257 1501 1261 1564 j
1289 1501 1404 1550 fleuit,
1419 1499 1586 1537 conditor
1595 1503 1771 1552 imaginis.
1804 1505 1908 1538 Tunc
1921 1499 2015 1538 certe
2032 1501 2118 1538 nihil
2129 1502 2198 1539 tale
2210 1500 2324 1554 sequi-

197 1554 362 1593 facultate
373 1555 526 1607 praedita‚
538 1555 646 1591 libera
659 1557 768 1591 etiam
779 1553 840 1592 suo
851 1553 978 1594 modo,
995 1554 1130 1592 nullam
1139 1557 1230 1595 ima-

198 1612 289 1662 ginis
301 1612 390 1647 iliius
403 1613 580 1646 rationem
592 1611 807 1660 participare.
820 1609 859 1647 Id
868 1607 1020 1649 tantum,
1031 1610 1231 1662 imaginem

197 1665 296 1701 illam
312 1666 383 1702 fine
404 1663 627 1716 qualitatibus
642 1663 727 1704 illis,
742 1659 813 1701 effe
824 1665 981 1700 vitiatam
998 1669 1032 1700 ὅ(
1047 1660 1229 1702 deforma-

198 1731 273 1756 tam
285 1743 291 1759 ‚
305 1733 380 1771 quae
389 1718 538 1770 proinde
547 1716 732 1755 reformari
749 1717 858 1755 debet
870 1724 902 1756 ὅ(
914 1715 1051 1770 refingi.
1075 1720 1131 1756 Est
1141 1732 1229 1771 ergo

197 1773 557 1811 iallaciaasecundum
569 1771 652 1825 quid
665 1796 674 1813 ‚
692 1773 737 1809 ad
752 1772 964 1824 simpliciter.

247 1829 379 1866 Eadem
401 1828 448 1865 est
467 1830 556 1864 ratio
576 1827 649 1864 loci
662 1827 752 1864 illius
772 1840 881 1878 quem
899 1825 1062 1868 adferunt
1078 1841 1121 1864 ex
1141 1842 1169 1864 2.
1185 1828 1229 1864 ad

143 1918 145 1920 ,
199 1885 282 1920 Cor.
292 1897 317 1928 3.
327 1897 357 1919 v.
369 1888 414 1918 18.
434 1888 504 1918 Nos
519 1895 631 1918 omnes
647 1881 807 1918 revelata
815 1880 910 1930 fhcie
922 1880 1070 1929 gloriam
1084 1884 1231 1918 Domini

197 1938 300 1973 velut
317 1941 357 1973 in
368 1936 501 1986 speculo
517 1938 688 1972 intuentes
697 1961 708 1973 ,
720 1936 757 1970 in
767 1935 907 1971 eandem
916 1937 1102 1983 imaginem
1111 1945 1227 1977 trans-

189 1991 400 2040 formamur,
411 1988 437 2025 a
450 1990 609 2026 claritate
620 1990 658 2025 in
667 1988 874 2027 claritatem,
885 1999 1059 2038 tanquam
1067 1987 1093 2024 ὰ
1101 1992 1226 2025 Domi-

196 2043 380 2094 nispirita.
412 2042 464 2079 Ibi
474 2041 786 2080 transformatione
797 2056 884 2094 opus
896 2038 966 2079 effe
977 2043 1118 2079 testatur
1128 2047 1227 2094 Apo-

195 2099 312 2140 stolus,
325 2104 358 2136 &
372 2096 526 2135 efficacia
537 2097 645 2134 divini
654 2096 798 2148 spiritus,
812 2108 850 2133 ut
859 2096 1016 2147 deposita
1029 2099 1138 2133 veteri
1150 2095 1224 2133 for-

196 2166 257 2190 ma
269 2178 277 2194 ‚
292 2153 479 2191 induamus
495 2165 646 2191 novam,
668 2151 761 2189 unde
777 2149 952 2190 inferunt,
971 2151 1138 2203 imaginis
1154 2153 1225 2189 Dei

196 2208 330 2246 nullam
342 2219 480 2259 partem
496 2206 669 2258 reliquam
679 2202 750 2243 effe
769 2208 806 2242 in
816 2207 856 2242 iis
867 2207 926 2257 qui
939 2218 1015 2242 non
1025 2204 1101 2242 sunt
1115 2218 1225 2242 trans-

196 2262 341 2300 formati
354 2261 512 2302 ‚nedum
528 2273 567 2299 ut
579 2263 698 2298 anima
715 2265 748 2297 ὃ(
767 2259 922 2307 ejusdem
937 2257 1136 2298 facultates,
1160 2265 1226 2298 &c.

196 2329 273 2369 quae
282 2315 450 2352 omnibus
457 2315 662 2361 hominibus
671 2314 748 2352 sunt
756 2327 979 2355 communes,
992 2314 1035 2350 ad
1043 2328 1124 2352 eam
1134 2316 1225 2351 ima-

195 2374 321 2425 ginem
330 2372 581 2422 pertineant‚in
591 2370 715 2420 quibus
724 2367 820 2405 nulla
826 2366 867 2404 fit
873 2367 1124 2419 μεῖξιμᾴξφωζις
1134 2367 1153 2404 ὲ
1162 2368 1225 2420 spi—

192 2428 261 2463 ritu
273 2426 436 2462 Dor'n'mi.
464 2424 568 2475 Resp.
584 2424 609 2460 fi
625 2425 661 2459 in
671 2422 741 2459 hoc
748 2421 833 2458 loco
844 2422 887 2459 de
896 2424 1054 2474 imagine
1063 2424 1133 2459 Dei
1143 2436 1226 2476 age-

194 2488 299 2519 retur,
312 2478 400 2516 nihil
409 2478 503 2516 aliud
512 2475 632 2516 inferri
639 2472 752 2528 posse,
763 2488 886 2528 praeter
894 2476 930 2512 id
940 2476 1037 2527 quod
1044 2479 1116 2524 jam
1126 2476 1225 2529 supra
1252 2499 1254 2530 3

1252 2539 1254 2568 ὲ
1283 2532 1327 2570 de
1340 2531 1579 2571 differentiam
1587 2530 1659 2572 effe
1675 2536 1873 2573 maximam
1890 2548 1984 2574 mter
1990 2533 2104 2578 filium
2114 2536 2186 2577 Dei
2203 2539 2236 2571 &
2249 2534 2326 2572 hc»

195 2535 346 2571 diximus
356 2557 365 2573 >
384 2545 422 2571 ut
437 2532 543 2570 verba
558 2528 770 2569 referrentur
785 2530 829 2567 ad
839 2533 1005 2584 imaginis
1012 2531 1102 2568 illius
1112 2531 1226 2584 perfe-

194 2591 354 2626 {tionem
366 2613 374 2629 ,
385 2601 452 2625 nec
461 2599 584 2624 tamen
592 2587 852 2638 negarenturin
862 2587 903 2622 iis
919 2588 980 2637 qui
990 2588 1040 2622 ita
1059 2585 1223 2624 transfor-
1252 2625 1253 2628 ,

193 2655 346 2680 rimantur,
358 2644 522 2694 imaginis
531 2642 600 2678 Dei
611 2640 727 2692 aliqua
736 2664 746 2680 ,
758 2640 819 2677 etfi
827 2639 966 2677 rudiora
977 2664 986 2680 ,
996 2642 1222 2680 lineamenta.
1252 2665 1253 2670 =

190 2696 274 2735 'imo
286 2696 390 2734 verba
398 2695 468 2748 ipsa
478 2694 638 2747 Apostoli
652 2718 662 2736 ‚
675 2696 842 2732 evincunt
857 2694 1009 2747 gloriam
1018 2693 1116 2732 illam
1127 2720 1135 2735 ‚
1148 2710 1224 2747 quae

192 2751 211 2789 ὲ
222 2749 530 2789 transformatione
543 2752 582 2786 in
593 2749 746 2786 eandem
762 2751 962 2802 imaginem
974 2750 1136 2801 procedit
1146 2775 1154 2790 ,
1165 2750 1225 2788 ha—

193 2807 277 2844 bere
293 2804 370 2843 suos
386 2805 512 2859 gradus
529 2809 562 2840 &
581 2798 791 2855 progressus.
820 2803 888 2840 Sed
906 2800 1007 2841 nullo'
1022 2805 1137 2841 modo
1157 2803 1223 2842 fuit

192 2861 313 2913 scopus
331 2860 490 2912 Apostoli
509 2871 615 2911 agere
630 2859 673 2894 de
685 2860 844 2911 imagine
854 2861 922 2895 Dei
933 2858 977 2895 ad
987 2871 1093 2910 quam
1109 2857 1224 2896 homo

194 2917 296 2952 initio
315 2914 383 2952 fuit
394 2926 525 2952 creatus
544 2927 551 2949 τ
573 2914 644 2950 hoc
666 2912 780 2950 solum
795 2912 1006 2950 intendebat
1023 2912 1220 2953 ostendere,

194 2970 427 3006 Ministerium
439 2968 741 3021 Euangelii‚Legis
755 2967 949 3004 Ministerio
960 2970 996 3004 in
1005 2967 1125 3005 multis
1133 2981 1220 3019 prae-

192 3024 277 3059 stare
288 3046 296 3061 ‚
307 3026 344 3060 in
354 3037 399 3062 eo
407 3022 595 3076 praesertirn
606 3046 614 3062 ‚
626 3023 723 3074 quod
733 3018 969 3060 Ministerium
977 3021 1065 3075 legis
1076 3019 1144 3059 fuit
1156 3021 1222 3059 ob-

192 3077 346 3114 velatum
356 3083 388 3115 ὅ(
400 3076 585 3116 obscurum
596 3091 605 3114 ε
617 3077 801 3130 Euangelii
816 3088 938 3122 autem
945 3076 1091 3129 planum
1101 3081 1134 3115 &
1142 3090 1221 3129 per-

1291 1565 1347 1590 tur
1359 1554 1461 1606 quale
1477 1553 1541 1591 fibi
1556 1554 1698 1608 fingunt
1719 1557 1772 1593 isti
1784 1571 1793 1596 ς
1810 1554 1911 1594 Nam
1921 1579 1930 1596 ‚
1951 1562 2060 1592 Homo
2078 1556 2125 1592 ad
2136 1559 2324 1606 imaginem

1292 1611 1362 1644 Dei
1371 1613 1418 1645 eff
1426 1609 1582 1646 conditus
1592 1636 1601 1649 ‚
1621 1623 1697 1646 non
1706 1609 1804 1647 idem
1813 1614 1878 1647 erit
1890 1610 1988 1661 quod
1995 1610 2110 1647 homo
2119 1611 2163 1648 ad
2170 1610 2326 1657 snbstan-

1292 1664 1378 1700 tiam
1394 1662 1552 1700 hominis
1568 1665 1617 1702 est
1633 1664 1814 1705 conditus,
1826 1663 2009 1702 sed-homo
2025 1665 2078 1701 rest
2093 1664 2275 1706 conditus,
2286 1677 2326 1705 ut

1290 1715 1478 1754 substantia
1486 1716 1545 1754 sua
1553 1723 1586 1755 8<
1598 1713 1825 1769 qualitatibus
1831 1717 1958 1761 referat
1967 1721 2089 1759 Deum
2098 1723 2131 1757 &
2140 1716 2325 1772 repraesen-
2338 1747 2341 1750 ,

1291 1782 1355 1811 tet,
1365 1774 1404 1808 in
1413 1784 1486 1823 quo
1495 1770 1592 1810 certe
1603 1772 1699 1810 nulla
1708 1774 1757 1810 est
1766 1772 1963 1811 absurditas.

1320 1825 1581 1873 2.0bjiciunt,fi
1589 1829 1728 1864 ratione
1737 1840 1870 1867 naturae
1879 1833 1912 1865 &
1921 1827 2116 1866 substantiae
2126 1828 2200 1868 suat,
2207 1829 2323 1871 horno

1288 1880 1329 1916 fit
1341 1880 1557 1917 conditusad
1570 1882 1771 1932 imaginem
1781 1883 1870 1921 Dei,
1886 1881 2024 1918 nullum
2035 1882 2196 1920 manebit
2206 1882 2323 1921 discri-

1286 1946 1373 1970 men
1384 1945 1475 1970 mter
1486 1931 1600 1970 filium
1608 1936 1723 1970 Dei&
1732 1933 1932 1972 hominem.
1944 1939 2102 1986 Uterque
2114 1939 2209 1973 enim
2222 1936 2324 1976 fieret

1287 1986 1419 2028 ἐστώδὶις
1436 1991 1468 2023 &
1479 1986 1704 2024 substantialis
1715 1990 1838 2042 imago
1849 1991 1918 2027 Dei
1929 2013 1938 2030 ,
1950 1990 2045 2041 quod
2061 2003 2182 2028 tamen
2192 1991 2236 2028 de
2245 1991 2322 2030 solo

1285 2043 1356 2078 Dei
1365 2039 1439 2078 filio
1449 2039 1575 2078 dicitur
1586 2066 1595 2082 ,
1617 2041 1736 2080 Colofi
1752 2059 1777 2082 ι.
1789 2057 1817 2081 ν.
1830 2057 1873 2091 15.
1896 2045 1968 2081 Hic
1985 2043 2053 2095 ipsa
2064 2047 2188 2098 imago
2201 2042 2317 2088 Patris,

1286 2097 1416 2132 Homo
1427 2107 1548 2134 autem
1557 2096 1601 2133 ad
1608 2097 1810 2150 imaginem
1820 2098 1960 2136 tantum
1971 2099 2135 2138 conditus
2144 2101 2202 2138 est.
2213 2101 2317 2153 Resp.

1259 2171 1263 2182 ι
1284 2145 1362 2186 Effe
1381 2145 1541 2202 ineptam
1570 2151 1836 2190 cavillationem
1853 2178 1862 2194 ‚
1885 2166 2000 2191 ortam
2019 2167 2063 2191 ex
2083 2154 2320 2210 ambiguitate
2355 2174 2359 2177 “

1277 2203 1512 2254 substantialis
1521 2208 1691 2256 imaginis.
1721 2209 1862 2246 Dicitur
1867 2210 1970 2247 enim
1978 2210 2102 2262 imago
2112 2208 2318 2248 substantia-

1283 2258 1323 2295 lis
1340 2272 1417 2311 quae
1434 2261 1482 2297 est
1502 2261 1658 2309 ejufflem
1675 2261 1869 2303 substantiae
1880 2287 1888 2303 ‚
1907 2268 1940 2300 &
1952 2263 1997 2300 fic
2008 2263 2163 2302 Christus
2171 2263 2262 2303 solus
2271 2265 2320 2303 est

1284 2312 1509 2352 substantialis
1520 2316 1757 2368 patrisimago
1770 2331 1779 2353 ε
1799 2321 1896 2356 Cum
1907 2328 2029 2355 autem
2038 2317 2188 2356 dicimus
2199 2319 2319 2355 homi-

1283 2381 1370 2405 nem
1378 2371 1514 2407 ratione
1525 2365 1680 2408 effentiae
1690 2373 1829 2417 animae,
1840 2370 1973 2409 fastum
1983 2366 2085 2409 fuisse
2094 2372 2139 2409 ad
2146 2375 2215 2410 Dei
2227 2374 2319 2410 ima—

1285 2425 1422 2475 ginem,
1429 2437 1542 2461 nemo
1552 2425 1601 2462 est
1609 2425 1669 2477 qui
1679 2424 1809 2463 nesciat
1817 2426 1854 2463 id
1861 2439 1938 2463 non
1946 2425 2100 2479 intelligi
2109 2426 2153 2464 de
2163 2421 2318 2465 essentiae

1284 2479 1418 2515 unitate
1428 2483 1461 2517 &
1471 2478 1668 2519 identitate,
1678 2478 1734 2517 sed
1745 2479 1789 2518 de
1798 2480 2025 2518 similitudine
2035 2480 2184 2521 tantum,
2195 2484 2321 2519 Proin·

1282 2590 1397 2625 mines
1407 2612 1415 2629 ‚
1428 2588 1504 2626 imo
1513 2587 1704 2640 interipsos,
1711 2588 1879 2639 homines
1887 2595 1923 2639 3<
1932 2603 1994 2627 eos
2006 2589 2051 2626 ad
2060 2601 2214 2640 quorum
2222 2588 2317 2626 fimi-

1280 2643 1430 2680 litudine'
1438 2641 1520 2680 fath*
1532 2641 1719 2681 fumeum
1732 2646 1831 2680 enirn
1838 2642 1938 2692 hujus
1945 2641 2005 2679 lib.
2016 2656 2089 2694 cap.
2101 2656 2126 2689 5.
2135 2642 2217 2680 Seth
2229 2643 2316 2681 dici-

1281 2710 1337 2736 tur
1341 2698 1480 2746 genitus
1487 2697 1538 2734 ad
1542 2699 1729 2746 imaginem
1740 2695 1784 2742 ὠ·
1783 2695 2052 2746 similitudinem
2060 2697 2207 2738 Adami,
2219 2697 2315 2737 certe

1281 2764 1394 2790 nemo
1403 2751 1517 2803 potest
1526 2764 1658 2803 negare
1669 2775 1678 2791 2
1688 2750 1879 2789 secundum
1891 2747 2077 2789 essentiam
2088 2749 2203 2791 filium
2211 2747 2318 2791 fuiffe'

1280 2807 1371 2844 Patri
1381 2805 1532 2843 similem
1546 2829 1553 2846 >
1563 2805 1621 2843 sed
1630 2817 1751 2842 tamen
1762 2817 1899 2843 certum
1911 2806 1959 2843 est
1969 2829 1978 2846 ‚
1989 2802 2145 2844 habuiffe
2154 2804 2315 2845 similitu-

1281 2861 1403 2897 dinem
1411 2863 1448 2897 in
1462 2859 1588 2897 diverso.
1598 2860 1760 2912 fingulari
1769 2871 1892 2898 natura
1902 2855 2107 2911 expreffim.
2131 2860 2233 2900 Nihil
2244 2860 2313 2903 tale

1251 2916 1254 2968 ξ
1281 2916 1374 2952 estin
1387 2913 1608 2967 Christquui
1615 2926 1755 2967 patrem
1765 2911 1872 2952 refert
1881 2915 1919 2951 in
1930 2914 2057 2952 eadem
2069 2927 2203 2954 natura.
2229 2917 2312 2954 Ho-

1278 2983 1343 3008 mo
1364 2983 1430 3006 nec
1448 2972 1569 3007 Deum
1594 2967 1702 3007 refert
1719 2972 1757 3017 in
1776 2980 1900 3007 natura
1925 2969 2080 3017 ejusdem
2097 2969 2224 3023 speciei
2243 2993 2253 3009 ›
2271 2981 2312 3006 ut

1275 3023 1357 3061 Seth
1375 3023 1556 3064 Adamum
1573 3040 1583 3068 ς
1608 3024 1731 3080 necin
1748 3023 1876 3063 ea'dem
1896 3026 2020 3064 natura
2036 3048 2046 3067 ‚
2073 3036 2112 3064 ut
2135 3021 2224 3078 filius
2239 3024 2311 3081 Dei

1276 3089 1423 3131 patrem.
2251 3100 2253 3102 -

2211 3144 2238 3179 3.
2256 3133 2308 3171 Ex'
