<?xml version="1.0" encoding="UTF-8"?>
<!DOCTYPE html PUBLIC "-//W3C//DTD XHTML 1.0 Transitional//EN"
    "http://www.w3.org/TR/xhtml1/DTD/xhtml1-transitional.dtd">
<html xmlns="http://www.w3.org/1999/xhtml" xml:lang="en" lang="en">
 <head>
  <title>
</title>
<meta http-equiv="Content-Type" content="text/html;charset=utf-8" />
  <meta name='ocr-system' content='tesseract 3.04.00' />
  <meta name='ocr-capabilities' content='ocr_page ocr_carea ocr_par ocr_line ocrx_word'/>
</head>
<body>
  <div class='ocr_page' id='page_1' title='image "andrerivetipic00rive_0251.png"; bbox 0 0 2411 3348; ppageno 0'>
   <div class='ocr_carea' id='block_1_1' title="bbox 0 0 39 3348">
    <p class='ocr_par' dir='ltr' id='par_1_1' title="bbox 0 0 39 3348">
     <span class='ocr_line' id='line_1_1' title="bbox 0 0 39 3348; baseline 0 0"><span class='ocrx_word' id='word_1_1' title='bbox 0 0 39 3348; x_wconf 95' lang='lat' dir='ltr'> </span> 
     </span>
    </p>
   </div>
   <div class='ocr_carea' id='block_1_2' title="bbox 625 66 1633 126">
    <p class='ocr_par' dir='ltr' id='par_1_2' title="bbox 625 66 1633 126">
     <span class='ocr_line' id='line_1_2' title="bbox 625 66 1633 126; baseline 0.003 -3"><span class='ocrx_word' id='word_1_2' title='bbox 625 66 1324 126; x_wconf 33' lang='lat' dir='ltr'>enacmin-10⁴</span> <span class='ocrx_word' id='word_1_3' title='bbox 1378 79 1633 126; x_wconf 75' lang='lat' dir='ltr'>xtvrrr.</span> 
     </span>
    </p>
   </div>
   <div class='ocr_carea' id='block_1_3' title="bbox 58 132 1106 203">
    <p class='ocr_par' dir='ltr' id='par_1_3' title="bbox 58 132 1106 203">
     <span class='ocr_line' id='line_1_3' title="bbox 58 132 1106 203; baseline -0.009 -7"><span class='ocrx_word' id='word_1_4' title='bbox 58 146 61 150; x_wconf 25' lang='lat' dir='ltr'>v</span> <span class='ocrx_word' id='word_1_5' title='bbox 71 146 229 197; x_wconf 61' lang='lat' dir='ltr'>diarchae</span> <span class='ocrx_word' id='word_1_6' title='bbox 240 132 405 192; x_wconf 68' lang='lat' dir='ltr'>vixerunt</span> <span class='ocrx_word' id='word_1_7' title='bbox 418 145 656 203; x_wconf 81' lang='lat' dir='ltr'>longitudine.</span> <span class='ocrx_word' id='word_1_8' title='bbox 686 149 831 187; x_wconf 83' lang='lat' dir='ltr'>Variam</span> <span class='ocrx_word' id='word_1_9' title='bbox 839 144 941 189; x_wconf 61' lang='lat' dir='ltr'>fuisse</span> <span class='ocrx_word' id='word_1_10' title='bbox 951 149 1044 202; x_wconf 89' lang='lat' dir='ltr'>apud</span> <span class='ocrx_word' id='word_1_11' title='bbox 1054 149 1106 187; x_wconf 85' lang='lat' dir='ltr'>di-</span> 
     </span>
    </p>
   </div>
   <div class='ocr_carea' id='block_1_4' title="bbox 66 202 1107 535">
    <p class='ocr_par' dir='ltr' id='par_1_4' title="bbox 69 202 1107 374">
     <span class='ocr_line' id='line_1_4' title="bbox 72 202 1107 250; baseline -0.008 0"><span class='ocrx_word' id='word_1_12' title='bbox 72 210 181 250; x_wconf 70' lang='lat' dir='ltr'>versas</span> <span class='ocrx_word' id='word_1_13' title='bbox 195 210 357 248; x_wconf 86' lang='lat' dir='ltr'>nationes</span> <span class='ocrx_word' id='word_1_14' title='bbox 373 217 509 244; x_wconf 85' lang='lat' dir='ltr'>annum</span> <span class='ocrx_word' id='word_1_15' title='bbox 528 202 742 242; x_wconf 84' lang='lat' dir='ltr'>numerandi</span> <span class='ocrx_word' id='word_1_16' title='bbox 760 207 942 242; x_wconf 83' lang='lat' dir='ltr'>rationem</span> <span class='ocrx_word' id='word_1_17' title='bbox 963 203 1107 242; x_wconf 84' lang='lat' dir='ltr'>certiffi-</span> 
     </span>
     <span class='ocr_line' id='line_1_5' title="bbox 71 257 1107 312; baseline -0.004 -11"><span class='ocrx_word' id='word_1_18' title='bbox 71 261 248 304; x_wconf 76' lang='lat' dir='ltr'>mum&#39;est,</span> <span class='ocrx_word' id='word_1_19' title='bbox 256 263 357 311; x_wconf 69' lang='lat' dir='ltr'>cujus</span> <span class='ocrx_word' id='word_1_20' title='bbox 366 257 532 308; x_wconf 58' lang='lat' dir='ltr'>(ut’notat</span> <span class='ocrx_word' id='word_1_21' title='bbox 541 261 578 296; x_wconf 91' lang='lat' dir='ltr'>in</span> <span class='ocrx_word' id='word_1_22' title='bbox 590 259 652 297; x_wconf 87' lang='lat' dir='ltr'>lib.</span> <span class='ocrx_word' id='word_1_23' title='bbox 667 257 712 296; x_wconf 90' lang='lat' dir='ltr'>de</span> <span class='ocrx_word' id='word_1_24' title='bbox 723 259 866 298; x_wconf 90' lang='lat' dir='ltr'>emend.</span> <span class='ocrx_word' id='word_1_25' title='bbox 879 263 1107 312; x_wconf 87' lang='lat' dir='ltr'>Temporum</span> 
     </span>
     <span class='ocr_line' id='line_1_6' title="bbox 69 313 1107 374; baseline -0.006 -16"><span class='ocrx_word' id='word_1_26' title='bbox 69 325 188 374; x_wconf 84' lang='lat' dir='ltr'>primo</span> <span class='ocrx_word' id='word_1_27' title='bbox 196 317 330 356; x_wconf 84' lang='lat' dir='ltr'>illustris</span> <span class='ocrx_word' id='word_1_28' title='bbox 338 314 512 367; x_wconf 77' lang='lat' dir='ltr'>Scaliger)</span> <span class='ocrx_word' id='word_1_29' title='bbox 533 326 590 352; x_wconf 88' lang='lat' dir='ltr'>tot</span> <span class='ocrx_word' id='word_1_30' title='bbox 607 313 684 352; x_wconf 89' lang='lat' dir='ltr'>sunt</span> <span class='ocrx_word' id='word_1_31' title='bbox 694 315 834 366; x_wconf 88' lang='lat' dir='ltr'>periodi</span> <span class='ocrx_word' id='word_1_32' title='bbox 845 339 854 357; x_wconf 89' lang='lat'>,</span> <span class='ocrx_word' id='word_1_33' title='bbox 872 326 933 354; x_wconf 87' lang='lat' dir='ltr'>aut</span> <span class='ocrx_word' id='word_1_34' title='bbox 942 316 1107 355; x_wconf 87' lang='lat' dir='ltr'>constitui</span> 
     </span>
    </p>

    <p class='ocr_par' dir='ltr' id='par_1_5' title="bbox 66 371 1107 535">
     <span class='ocr_line' id='line_1_7' title="bbox 875 371 1107 426; baseline 0.004 -19"><span class='ocrx_word' id='word_1_35' title='bbox 875 371 973 426; x_wconf 78' lang='lat' dir='ltr'>Qa</span> <span class='ocrx_word' id='word_1_36' title='bbox 996 384 1107 408; x_wconf 85' lang='lat' dir='ltr'>annus</span> 
     </span>
     <span class='ocr_line' id='line_1_8' title="bbox 68 425 1106 480; baseline -0.003 -13"><span class='ocrx_word' id='word_1_37' title='bbox 68 431 118 470; x_wconf 87' lang='lat' dir='ltr'>est</span> <span class='ocrx_word' id='word_1_38' title='bbox 125 430 283 469; x_wconf 78' lang='lat' dir='ltr'><strong>circuitus</strong></span> <span class='ocrx_word' id='word_1_39' title='bbox 291 425 524 479; x_wconf 24' lang='lat' dir='ltr'>ejusrperiodix</span> <span class='ocrx_word' id='word_1_40' title='bbox 537 428 632 475; x_wconf 83' lang='lat' dir='ltr'>cujus</span> <span class='ocrx_word' id='word_1_41' title='bbox 646 428 878 480; x_wconf 77' lang='lat' dir='ltr'>cognominis</span> <span class='ocrx_word' id='word_1_42' title='bbox 887 427 1032 479; x_wconf 85' lang='lat' dir='ltr'>ipse.est.</span> <span class='ocrx_word' id='word_1_43' title='bbox 1052 426 1106 464; x_wconf 90' lang='lat' dir='ltr'>Sic</span> 
     </span>
     <span class='ocr_line' id='line_1_9' title="bbox 66 476 1105 535; baseline -0.005 -11"><span class='ocrx_word' id='word_1_44' title='bbox 66 484 181 529; x_wconf 78' lang='lat' dir='ltr'>solaris</span> <span class='ocrx_word' id='word_1_45' title='bbox 195 495 306 520; x_wconf 86' lang='lat' dir='ltr'>annus</span> <span class='ocrx_word' id='word_1_46' title='bbox 323 476 554 535; x_wconf 73' lang='lat' dir='ltr'>cognominis</span> <span class='ocrx_word' id='word_1_47' title='bbox 573 483 736 529; x_wconf 84' lang='lat' dir='ltr'>circuitus</span> <span class='ocrx_word' id='word_1_48' title='bbox 756 482 847 520; x_wconf 81' lang='lat' dir='ltr'>illius</span> <span class='ocrx_word' id='word_1_49' title='bbox 854 482 983 523; x_wconf 82' lang='lat' dir='ltr'>sideris,</span> <span class='ocrx_word' id='word_1_50' title='bbox 996 482 1050 520; x_wconf 91' lang='lat' dir='ltr'>vel</span> <span class='ocrx_word' id='word_1_51' title='bbox 1060 481 1105 520; x_wconf 94' lang='lat' dir='ltr'>ab</span> 
     </span>
    </p>
   </div>
   <div class='ocr_carea' id='block_1_5' title="bbox 67 369 836 429">
    <p class='ocr_par' dir='ltr' id='par_1_6' title="bbox 67 369 836 429">
     <span class='ocr_line' id='line_1_10' title="bbox 67 369 836 429; baseline -0.009 -14"><span class='ocrx_word' id='word_1_52' title='bbox 67 371 232 429; x_wconf 83' lang='lat' dir='ltr'>possunt,</span> <span class='ocrx_word' id='word_1_53' title='bbox 256 370 344 424; x_wconf 72' lang='lat' dir='ltr'>quot</span> <span class='ocrx_word' id='word_1_54' title='bbox 359 369 439 409; x_wconf 87' lang='lat' dir='ltr'>sunt</span> <span class='ocrx_word' id='word_1_55' title='bbox 461 370 615 409; x_wconf 83' lang='lat' dir='ltr'>fiderurn</span> <span class='ocrx_word' id='word_1_56' title='bbox 632 372 836 408; x_wconf 70' lang='lat' dir='ltr'><strong>errantium.</strong></span> 
     </span>
    </p>
   </div>
   <div class='ocr_carea' id='block_1_6' title="bbox 45 535 1102 579">
    <p class='ocr_par' dir='ltr' id='par_1_7' title="bbox 45 535 1102 579">
     <span class='ocr_line' id='line_1_11' title="bbox 45 535 1102 579; baseline 0.002 -6"><span class='ocrx_word' id='word_1_57' title='bbox 45 544 49 547; x_wconf 88' lang='grc'><em>·</em></span> <span class='ocrx_word' id='word_1_58' title='bbox 64 537 295 579; x_wconf 79' lang='lat' dir='ltr'>unosolstitio</span> <span class='ocrx_word' id='word_1_59' title='bbox 305 536 349 574; x_wconf 80' lang='lat' dir='ltr'>ad</span> <span class='ocrx_word' id='word_1_60' title='bbox 361 548 474 575; x_wconf 89' lang='lat' dir='ltr'>unum</span> <span class='ocrx_word' id='word_1_61' title='bbox 485 560 494 578; x_wconf 83' lang='lat'>,</span> <span class='ocrx_word' id='word_1_62' title='bbox 512 535 602 574; x_wconf 61' lang='lat' dir='ltr'>aura</span> <span class='ocrx_word' id='word_1_63' title='bbox 610 536 738 576; x_wconf 89' lang='lat' dir='ltr'>bruma</span> <span class='ocrx_word' id='word_1_64' title='bbox 745 538 789 576; x_wconf 84' lang='lat' dir='ltr'>ad</span> <span class='ocrx_word' id='word_1_65' title='bbox 801 537 979 579; x_wconf 83' lang='lat' dir='ltr'>brumam,</span> <span class='ocrx_word' id='word_1_66' title='bbox 992 537 1047 575; x_wconf 87' lang='lat' dir='ltr'>vel</span> <span class='ocrx_word' id='word_1_67' title='bbox 1057 536 1102 575; x_wconf 83' lang='lat' dir='ltr'>ab</span> 
     </span>
    </p>
   </div>
   <div class='ocr_carea' id='block_1_7' title="bbox 64 590 1103 646">
    <p class='ocr_par' dir='ltr' id='par_1_8' title="bbox 64 590 1103 646">
     <span class='ocr_line' id='line_1_12' title="bbox 64 590 1103 646; baseline -0.004 -12"><span class='ocrx_word' id='word_1_68' title='bbox 64 607 138 634; x_wconf 87' lang='lat' dir='ltr'>uno</span> <span class='ocrx_word' id='word_1_69' title='bbox 153 592 294 631; x_wconf 81' lang='lat' dir='ltr'>zodiaci</span> <span class='ocrx_word' id='word_1_70' title='bbox 301 593 436 644; x_wconf 69' lang='lat' dir='ltr'>punOco</span> <span class='ocrx_word' id='word_1_71' title='bbox 447 592 492 630; x_wconf 86' lang='lat' dir='ltr'>ad</span> <span class='ocrx_word' id='word_1_72' title='bbox 503 591 601 630; x_wconf 89' lang='lat' dir='ltr'>idem</span> <span class='ocrx_word' id='word_1_73' title='bbox 608 595 792 645; x_wconf 68' lang='lat' dir='ltr'>punctum.</span> <span class='ocrx_word' id='word_1_74' title='bbox 819 597 874 632; x_wconf 86' lang='lat' dir='ltr'>Sic</span> <span class='ocrx_word' id='word_1_75' title='bbox 883 590 1029 646; x_wconf 78' lang='lat' dir='ltr'>possunt</span> <span class='ocrx_word' id='word_1_76' title='bbox 1038 607 1103 631; x_wconf 80' lang='lat' dir='ltr'>nu—</span> 
     </span>
    </p>
   </div>
   <div class='ocr_carea' id='block_1_8' title="bbox 63 642 1102 757">
    <p class='ocr_par' dir='ltr' id='par_1_9' title="bbox 63 642 1102 757">
     <span class='ocr_line' id='line_1_13' title="bbox 63 642 1102 741; baseline 0 -54"><span class='ocrx_word' id='word_1_77' title='bbox 63 647 192 687; x_wconf 83' lang='lat' dir='ltr'>merari</span> <span class='ocrx_word' id='word_1_78' title='bbox 199 642 284 685; x_wconf 65' lang='lat' dir='ltr'>arsni</span> <span class='ocrx_word' id='word_1_79' title='bbox 293 649 440 688; x_wconf 77' lang='lat' dir='ltr'>Saturni,</span> <span class='ocrx_word' id='word_1_80' title='bbox 453 649 554 688; x_wconf 79' lang='lat' dir='ltr'>Iovis,</span> <span class='ocrx_word' id='word_1_81' title='bbox 567 652 632 686; x_wconf 89' lang='lat' dir='ltr'>&amp;c.</span> <span class='ocrx_word' id='word_1_82' title='bbox 655 648 795 741; x_wconf 46' lang='grc' dir='ltr'>Οὲιὶἆε</span> <span class='ocrx_word' id='word_1_83' title='bbox 805 662 842 687; x_wconf 90' lang='lat' dir='ltr'>re</span> <span class='ocrx_word' id='word_1_84' title='bbox 851 650 968 701; x_wconf 88' lang='lat' dir='ltr'>potest</span> <span class='ocrx_word' id='word_1_85' title='bbox 977 648 1102 687; x_wconf 87' lang='lat' dir='ltr'>consu-</span> 
     </span>
     <span class='ocr_line' id='line_1_14' title="bbox 647 700 1102 757; baseline 0.004 -17"><span class='ocrx_word' id='word_1_86' title='bbox 647 715 698 741; x_wconf 87' lang='lat' dir='ltr'>tat</span> <span class='ocrx_word' id='word_1_87' title='bbox 707 729 717 744; x_wconf 85' lang='lat'>‚</span> <span class='ocrx_word' id='word_1_88' title='bbox 760 700 928 742; x_wconf 85' lang='lat' dir='ltr'>btinuiffe</span> <span class='ocrx_word' id='word_1_89' title='bbox 946 703 1052 757; x_wconf 66' lang='lat' dir='ltr'>vulg&amp;</span> <span class='ocrx_word' id='word_1_90' title='bbox 1063 715 1102 742; x_wconf 90' lang='lat' dir='ltr'>ut</span> 
     </span>
    </p>
   </div>
   <div class='ocr_carea' id='block_1_9' title="bbox 0 700 1100 2509">
    <p class='ocr_par' dir='ltr' id='par_1_10' title="bbox 18 700 1100 977">
     <span class='ocr_line' id='line_1_15' title="bbox 18 700 644 755; baseline -0.002 -14"><span class='ocrx_word' id='word_1_91' title='bbox 18 703 27 709; x_wconf 84' lang='grc'><em>“</em></span> <span class='ocrx_word' id='word_1_92' title='bbox 60 703 193 742; x_wconf 89' lang='lat' dir='ltr'>liidem</span> <span class='ocrx_word' id='word_1_93' title='bbox 202 702 338 740; x_wconf 85' lang='lat' dir='ltr'>illustris</span> <span class='ocrx_word' id='word_1_94' title='bbox 347 703 408 743; x_wconf 86' lang='lat' dir='ltr'>vir,</span> <span class='ocrx_word' id='word_1_95' title='bbox 420 704 480 755; x_wconf 90' lang='lat' dir='ltr'>qui</span> <span class='ocrx_word' id='word_1_96' title='bbox 490 700 583 740; x_wconf 78' lang='lat' dir='ltr'>bene</span> <span class='ocrx_word' id='word_1_97' title='bbox 595 716 644 740; x_wconf 89' lang='lat' dir='ltr'>no</span> 
     </span>
     <span class='ocr_line' id='line_1_16' title="bbox 61 757 1100 811; baseline 0.001 -14"><span class='ocrx_word' id='word_1_98' title='bbox 61 757 216 797; x_wconf 88' lang='lat' dir='ltr'>duorum</span> <span class='ocrx_word' id='word_1_99' title='bbox 223 758 375 796; x_wconf 87' lang='lat' dir='ltr'>fiderum</span> <span class='ocrx_word' id='word_1_100' title='bbox 387 758 475 795; x_wconf 89' lang='lat' dir='ltr'>Solis</span> <span class='ocrx_word' id='word_1_101' title='bbox 485 762 518 795; x_wconf 89' lang='lat'>&amp;</span> <span class='ocrx_word' id='word_1_102' title='bbox 528 759 646 798; x_wconf 84' lang='lat' dir='ltr'>Lunae,</span> <span class='ocrx_word' id='word_1_103' title='bbox 665 758 849 797; x_wconf 87' lang='lat' dir='ltr'>labentem</span> <span class='ocrx_word' id='word_1_104' title='bbox 859 759 952 798; x_wconf 88' lang='lat' dir='ltr'>coelo</span> <span class='ocrx_word' id='word_1_105' title='bbox 961 761 1024 811; x_wconf 91' lang='lat' dir='ltr'>qui</span> <span class='ocrx_word' id='word_1_106' title='bbox 1036 759 1100 798; x_wconf 91' lang='lat' dir='ltr'>du-</span> 
     </span>
     <span class='ocr_line' id='line_1_17' title="bbox 58 811 1095 866; baseline -0.002 -13"><span class='ocrx_word' id='word_1_107' title='bbox 58 811 147 853; x_wconf 88' lang='lat' dir='ltr'>cunt</span> <span class='ocrx_word' id='word_1_108' title='bbox 162 826 317 854; x_wconf 76' lang='lat' dir='ltr'>annum,</span> <span class='ocrx_word' id='word_1_109' title='bbox 337 815 428 858; x_wconf 84' lang='lat' dir='ltr'>ratio</span> <span class='ocrx_word' id='word_1_110' title='bbox 437 814 475 850; x_wconf 85' lang='lat' dir='ltr'>in</span> <span class='ocrx_word' id='word_1_111' title='bbox 493 813 716 866; x_wconf 85' lang='lat' dir='ltr'>temporibus</span> <span class='ocrx_word' id='word_1_112' title='bbox 724 813 881 853; x_wconf 81' lang='lat' dir='ltr'>civilibus</span> <span class='ocrx_word' id='word_1_113' title='bbox 897 814 1095 852; x_wconf 86' lang='lat' dir='ltr'>haberetur.</span> 
     </span>
     <span class='ocr_line' id='line_1_18' title="bbox 59 865 1098 922; baseline 0 -14"><span class='ocrx_word' id='word_1_114' title='bbox 59 872 167 908; x_wconf 84' lang='lat' dir='ltr'>Lunae</span> <span class='ocrx_word' id='word_1_115' title='bbox 183 870 292 921; x_wconf 85' lang='lat' dir='ltr'>igitur</span> <span class='ocrx_word' id='word_1_116' title='bbox 304 865 461 921; x_wconf 80' lang='lat' dir='ltr'>primum</span> <span class='ocrx_word' id='word_1_117' title='bbox 479 880 591 906; x_wconf 88' lang='lat' dir='ltr'>unum</span> <span class='ocrx_word' id='word_1_118' title='bbox 608 870 795 908; x_wconf 89' lang='lat' dir='ltr'>circuitum</span> <span class='ocrx_word' id='word_1_119' title='bbox 811 884 876 922; x_wconf 92' lang='lat' dir='ltr'>pro</span> <span class='ocrx_word' id='word_1_120' title='bbox 889 883 987 907; x_wconf 87' lang='lat' dir='ltr'>anno</span> <span class='ocrx_word' id='word_1_121' title='bbox 996 866 1098 908; x_wconf 85' lang='lat' dir='ltr'>fuiffe</span> 
     </span>
     <span class='ocr_line' id='line_1_19' title="bbox 58 923 1096 977; baseline 0.002 -16"><span class='ocrx_word' id='word_1_122' title='bbox 58 923 221 967; x_wconf 77' lang='lat' dir='ltr'>habitum</span> <span class='ocrx_word' id='word_1_123' title='bbox 230 923 322 976; x_wconf 88' lang='lat' dir='ltr'>apud</span> <span class='ocrx_word' id='word_1_124' title='bbox 330 925 534 976; x_wconf 84' lang='lat' dir='ltr'>AEgyptios‚</span> <span class='ocrx_word' id='word_1_125' title='bbox 550 923 671 975; x_wconf 78' lang='lat' dir='ltr'>postea</span> <span class='ocrx_word' id='word_1_126' title='bbox 692 937 761 963; x_wconf 90' lang='lat' dir='ltr'>tres</span> <span class='ocrx_word' id='word_1_127' title='bbox 771 927 943 966; x_wconf 73' lang='lat' dir='ltr'>circuitus,</span> <span class='ocrx_word' id='word_1_128' title='bbox 958 937 996 963; x_wconf 89' lang='lat' dir='ltr'>ut</span> <span class='ocrx_word' id='word_1_129' title='bbox 1004 924 1096 977; x_wconf 88' lang='lat' dir='ltr'>apud</span> 
     </span>
    </p>

    <p class='ocr_par' dir='ltr' id='par_1_11' title="bbox 42 977 1093 1251">
     <span class='ocr_line' id='line_1_20' title="bbox 42 977 1093 1032; baseline 0 -16"><span class='ocrx_word' id='word_1_130' title='bbox 42 1027 45 1031; x_wconf 28' lang='grc' dir='ltr'>Ι</span> <span class='ocrx_word' id='word_1_131' title='bbox 58 978 213 1017; x_wconf 81' lang='lat' dir='ltr'>eosdem</span> <span class='ocrx_word' id='word_1_132' title='bbox 226 984 260 1017; x_wconf 89' lang='lat'>&amp;</span> <span class='ocrx_word' id='word_1_133' title='bbox 269 977 430 1019; x_wconf 84' lang='lat' dir='ltr'>Arcades,</span> <span class='ocrx_word' id='word_1_134' title='bbox 451 978 598 1016; x_wconf 83' lang='lat' dir='ltr'>tandem</span> <span class='ocrx_word' id='word_1_135' title='bbox 609 978 978 1032; x_wconf 57' lang='lat' dir='ltr'>duodecim‘periodos</span> <span class='ocrx_word' id='word_1_136' title='bbox 992 980 1093 1018; x_wconf 84' lang='lat' dir='ltr'>luna-</span> 
     </span>
     <span class='ocr_line' id='line_1_21' title="bbox 57 1029 1093 1082; baseline -0.002 -10"><span class='ocrx_word' id='word_1_137' title='bbox 57 1047 111 1073; x_wconf 85' lang='lat' dir='ltr'>res</span> <span class='ocrx_word' id='word_1_138' title='bbox 121 1046 256 1072; x_wconf 87' lang='lat' dir='ltr'>annum</span> <span class='ocrx_word' id='word_1_139' title='bbox 267 1032 407 1071; x_wconf 90' lang='lat' dir='ltr'>civilem</span> <span class='ocrx_word' id='word_1_140' title='bbox 416 1029 633 1072; x_wconf 81' lang='lat' dir='ltr'>constituisse</span> <span class='ocrx_word' id='word_1_141' title='bbox 642 1033 782 1072; x_wconf 85' lang='lat' dir='ltr'>dierum</span> <span class='ocrx_word' id='word_1_142' title='bbox 789 1048 859 1082; x_wconf 86' lang='lat'>354.</span> <span class='ocrx_word' id='word_1_143' title='bbox 885 1034 1093 1071; x_wconf 82' lang='lat' dir='ltr'>Duodecim</span> 
     </span>
     <span class='ocr_line' id='line_1_22' title="bbox 50 1086 1092 1141; baseline -0.002 -14"><span class='ocrx_word' id='word_1_144' title='bbox 50 1090 168 1127; x_wconf 47' lang='lat' dir='ltr'>*etiam</span> <span class='ocrx_word' id='word_1_145' title='bbox 174 1088 272 1141; x_wconf 86' lang='lat' dir='ltr'>figna</span> <span class='ocrx_word' id='word_1_146' title='bbox 279 1086 418 1125; x_wconf 80' lang='lat' dir='ltr'>zodiaci</span> <span class='ocrx_word' id='word_1_147' title='bbox 426 1087 640 1126; x_wconf 88' lang='lat' dir='ltr'>constituere</span> <span class='ocrx_word' id='word_1_148' title='bbox 649 1101 784 1126; x_wconf 85' lang='lat' dir='ltr'>annum</span> <span class='ocrx_word' id='word_1_149' title='bbox 793 1088 955 1126; x_wconf 88' lang='lat' dir='ltr'>solarem.</span> <span class='ocrx_word' id='word_1_150' title='bbox 971 1091 1022 1124; x_wconf 86' lang='lat' dir='ltr'>Ut</span> <span class='ocrx_word' id='word_1_151' title='bbox 1032 1086 1092 1125; x_wconf 85' lang='lat' dir='ltr'>au-</span> 
     </span>
     <span class='ocr_line' id='line_1_23' title="bbox 55 1139 1093 1195; baseline -0.003 -13"><span class='ocrx_word' id='word_1_152' title='bbox 55 1155 130 1182; x_wconf 88' lang='lat' dir='ltr'>tem</span> <span class='ocrx_word' id='word_1_153' title='bbox 148 1142 330 1195; x_wconf 75' lang='lat' dir='ltr'>aequaliter</span> <span class='ocrx_word' id='word_1_154' title='bbox 354 1154 519 1195; x_wconf 84' lang='lat' dir='ltr'>tempora</span> <span class='ocrx_word' id='word_1_155' title='bbox 545 1154 724 1180; x_wconf 88' lang='lat' dir='ltr'>currerent</span> <span class='ocrx_word' id='word_1_156' title='bbox 735 1167 745 1183; x_wconf 95' lang='lat'>‚</span> <span class='ocrx_word' id='word_1_157' title='bbox 770 1143 923 1180; x_wconf 87' lang='lat' dir='ltr'>inventae</span> <span class='ocrx_word' id='word_1_158' title='bbox 949 1139 1093 1179; x_wconf 76' lang='lat' dir='ltr'>fiierunt</span> 
     </span>
     <span class='ocr_line' id='line_1_24' title="bbox 53 1195 1091 1251; baseline -0.004 -14"><span class='ocrx_word' id='word_1_159' title='bbox 53 1199 153 1237; x_wconf 80' lang='lat' dir='ltr'>variae</span> <span class='ocrx_word' id='word_1_160' title='bbox 161 1196 446 1236; x_wconf 76' lang='lat' dir='ltr'>intercalationes</span> <span class='ocrx_word' id='word_1_161' title='bbox 456 1220 464 1237; x_wconf 95' lang='lat'>,</span> <span class='ocrx_word' id='word_1_162' title='bbox 482 1196 527 1235; x_wconf 91' lang='lat' dir='ltr'>de</span> <span class='ocrx_word' id='word_1_163' title='bbox 537 1196 664 1251; x_wconf 84' lang='lat' dir='ltr'>quibus</span> <span class='ocrx_word' id='word_1_164' title='bbox 674 1196 878 1235; x_wconf 88' lang='lat' dir='ltr'>consulendi</span> <span class='ocrx_word' id='word_1_165' title='bbox 888 1195 966 1234; x_wconf 92' lang='lat' dir='ltr'>sunt</span> <span class='ocrx_word' id='word_1_166' title='bbox 974 1195 1091 1235; x_wconf 90' lang='lat' dir='ltr'>Chro-</span> 
     </span>
    </p>

    <p class='ocr_par' dir='ltr' id='par_1_12' title="bbox 35 1250 1088 1470">
     <span class='ocr_line' id='line_1_25' title="bbox 35 1250 1088 1306; baseline -0.001 -14"><span class='ocrx_word' id='word_1_167' title='bbox 35 1296 39 1299; x_wconf 22' lang='lat'><strong>⁴</strong></span> <span class='ocrx_word' id='word_1_168' title='bbox 53 1250 182 1306; x_wconf 81' lang='lat' dir='ltr'>nologi</span> <span class='ocrx_word' id='word_1_169' title='bbox 192 1277 203 1294; x_wconf 84' lang='lat'>,</span> <span class='ocrx_word' id='word_1_170' title='bbox 219 1253 423 1305; x_wconf 85' lang='lat' dir='ltr'>&amp;inprimis</span> <span class='ocrx_word' id='word_1_171' title='bbox 441 1263 593 1306; x_wconf 87' lang='lat' dir='ltr'>magnus</span> <span class='ocrx_word' id='word_1_172' title='bbox 612 1252 672 1291; x_wconf 90' lang='lat' dir='ltr'>ille</span> <span class='ocrx_word' id='word_1_173' title='bbox 681 1253 732 1290; x_wconf 89' lang='lat' dir='ltr'>vir</span> <span class='ocrx_word' id='word_1_174' title='bbox 740 1265 850 1306; x_wconf 89' lang='lat' dir='ltr'>quem</span> <span class='ocrx_word' id='word_1_175' title='bbox 859 1251 1088 1292; x_wconf 72' lang='lat' dir='ltr'>laudavimus,</span> 
     </span>
     <span class='ocr_line' id='line_1_26' title="bbox 53 1306 1087 1361; baseline -0.001 -15"><span class='ocrx_word' id='word_1_176' title='bbox 53 1307 99 1347; x_wconf 84' lang='lat' dir='ltr'>de</span> <span class='ocrx_word' id='word_1_177' title='bbox 114 1306 239 1360; x_wconf 87' lang='lat' dir='ltr'>quibus</span> <span class='ocrx_word' id='word_1_178' title='bbox 255 1321 350 1346; x_wconf 85' lang='lat' dir='ltr'>nunc</span> <span class='ocrx_word' id='word_1_179' title='bbox 358 1320 465 1361; x_wconf 85' lang='lat' dir='ltr'>agere</span> <span class='ocrx_word' id='word_1_180' title='bbox 487 1321 564 1346; x_wconf 91' lang='lat' dir='ltr'>non</span> <span class='ocrx_word' id='word_1_181' title='bbox 584 1308 634 1347; x_wconf 88' lang='lat' dir='ltr'>est</span> <span class='ocrx_word' id='word_1_182' title='bbox 650 1309 798 1347; x_wconf 87' lang='lat' dir='ltr'>instituti</span> <span class='ocrx_word' id='word_1_183' title='bbox 808 1308 928 1346; x_wconf 90' lang='lat' dir='ltr'>nostri.</span> <span class='ocrx_word' id='word_1_184' title='bbox 958 1306 998 1344; x_wconf 91' lang='lat' dir='ltr'>Id</span> <span class='ocrx_word' id='word_1_185' title='bbox 1007 1318 1087 1345; x_wconf 83' lang='lat' dir='ltr'>tan-</span> 
     </span>
     <span class='ocr_line' id='line_1_27' title="bbox 53 1358 1087 1418; baseline 0 -17"><span class='ocrx_word' id='word_1_186' title='bbox 53 1358 132 1401; x_wconf 72' lang='lat' dir='ltr'>tdm</span> <span class='ocrx_word' id='word_1_187' title='bbox 145 1360 475 1414; x_wconf 64' lang='lat' dir='ltr'>praefarivoluimun</span> <span class='ocrx_word' id='word_1_188' title='bbox 497 1373 665 1416; x_wconf 79' lang='lat' dir='ltr'>tanquam</span> <span class='ocrx_word' id='word_1_189' title='bbox 676 1365 974 1418; x_wconf 79' lang='lat' dir='ltr'>praeparationem</span> <span class='ocrx_word' id='word_1_190' title='bbox 982 1362 1027 1401; x_wconf 85' lang='lat' dir='ltr'>ad</span> <span class='ocrx_word' id='word_1_191' title='bbox 1045 1375 1087 1401; x_wconf 88' lang='lat' dir='ltr'>ea</span> 
     </span>
     <span class='ocr_line' id='line_1_28' title="bbox 53 1415 388 1470; baseline -0.003 -15"><span class='ocrx_word' id='word_1_192' title='bbox 53 1430 130 1470; x_wconf 80' lang='lat' dir='ltr'>quae</span> <span class='ocrx_word' id='word_1_193' title='bbox 143 1416 292 1455; x_wconf 87' lang='lat' dir='ltr'>dicenda</span> <span class='ocrx_word' id='word_1_194' title='bbox 301 1415 388 1455; x_wconf 86' lang='lat' dir='ltr'>sunt.</span> 
     </span>
    </p>

    <p class='ocr_par' dir='ltr' id='par_1_13' title="bbox 47 1471 1087 1749">
     <span class='ocr_line' id='line_1_29' title="bbox 105 1471 1086 1528; baseline 0.004 -20"><span class='ocrx_word' id='word_1_195' title='bbox 105 1473 286 1527; x_wconf 76' lang='lat' dir='ltr'>Qritur</span> <span class='ocrx_word' id='word_1_196' title='bbox 293 1471 380 1525; x_wconf 66' lang='lat' dir='ltr'>erg&amp;</span> <span class='ocrx_word' id='word_1_197' title='bbox 389 1485 434 1511; x_wconf 81' lang='lat' dir='ltr'>an</span> <span class='ocrx_word' id='word_1_198' title='bbox 445 1472 529 1512; x_wconf 82' lang='lat' dir='ltr'>anni</span> <span class='ocrx_word' id='word_1_199' title='bbox 538 1473 615 1522; x_wconf 60' lang='lat' dir='ltr'>vitae</span> <span class='ocrx_word' id='word_1_200' title='bbox 624 1474 912 1518; x_wconf 82' lang='lat' dir='ltr'>Patriarcharum,</span> <span class='ocrx_word' id='word_1_201' title='bbox 931 1478 1086 1528; x_wconf 84' lang='lat' dir='ltr'>quorum</span> 
     </span>
     <span class='ocr_line' id='line_1_30' title="bbox 51 1526 1085 1582; baseline 0 -16"><span class='ocrx_word' id='word_1_202' title='bbox 51 1540 140 1567; x_wconf 83' lang='lat' dir='ltr'>unus</span> <span class='ocrx_word' id='word_1_203' title='bbox 149 1526 193 1564; x_wconf 90' lang='lat' dir='ltr'>ad</span> <span class='ocrx_word' id='word_1_204' title='bbox 201 1540 314 1565; x_wconf 88' lang='lat' dir='ltr'>annos</span> <span class='ocrx_word' id='word_1_205' title='bbox 324 1526 429 1580; x_wconf 88' lang='lat' dir='ltr'>usque</span> <span class='ocrx_word' id='word_1_206' title='bbox 436 1537 520 1572; x_wconf 87' lang='lat'>969.-</span> <span class='ocrx_word' id='word_1_207' title='bbox 530 1533 700 1582; x_wconf 88' lang='lat' dir='ltr'>pervenit,</span> <span class='ocrx_word' id='word_1_208' title='bbox 711 1529 844 1570; x_wconf 86' lang='lat' dir='ltr'>fuerint</span> <span class='ocrx_word' id='word_1_209' title='bbox 853 1532 937 1569; x_wconf 90' lang='lat' dir='ltr'>anni</span> <span class='ocrx_word' id='word_1_210' title='bbox 947 1530 1085 1568; x_wconf 84' lang='lat' dir='ltr'>lunares</span> 
     </span>
     <span class='ocr_line' id='line_1_31' title="bbox 49 1580 1087 1640; baseline -0.004 -15"><span class='ocrx_word' id='word_1_211' title='bbox 49 1582 156 1636; x_wconf 75' lang='lat' dir='ltr'>primi</span> <span class='ocrx_word' id='word_1_212' title='bbox 164 1581 278 1622; x_wconf 80' lang='lat' dir='ltr'>modi›</span> <span class='ocrx_word' id='word_1_213' title='bbox 289 1580 603 1634; x_wconf 58' lang='lat' dir='ltr'>ansecundigmodi,</span> <span class='ocrx_word' id='word_1_214' title='bbox 614 1586 670 1624; x_wconf 86' lang='lat' dir='ltr'>vel</span> <span class='ocrx_word' id='word_1_215' title='bbox 678 1585 803 1625; x_wconf 86' lang='lat' dir='ltr'>solares</span> <span class='ocrx_word' id='word_1_216' title='bbox 816 1602 824 1629; x_wconf 65' lang='grc' dir='ltr'><strong><em>ς</em></strong></span> <span class='ocrx_word' id='word_1_217' title='bbox 838 1589 908 1640; x_wconf 88' lang='lat' dir='ltr'>-qui</span> <span class='ocrx_word' id='word_1_218' title='bbox 917 1585 1007 1624; x_wconf 75' lang='lat' dir='ltr'>ula-a</span> <span class='ocrx_word' id='word_1_219' title='bbox 1017 1595 1087 1622; x_wconf 87' lang='lat' dir='ltr'>tre-</span> 
     </span>
     <span class='ocr_line' id='line_1_32' title="bbox 48 1636 1086 1692; baseline 0.001 -17"><span class='ocrx_word' id='word_1_220' title='bbox 48 1648 240 1675; x_wconf 88' lang='lat' dir='ltr'>centorum</span> <span class='ocrx_word' id='word_1_221' title='bbox 249 1636 429 1690; x_wconf 75' lang='lat' dir='ltr'>sexaginta</span> <span class='ocrx_word' id='word_1_222' title='bbox 436 1636 574 1686; x_wconf 82' lang='lat' dir='ltr'>dierum</span> <span class='ocrx_word' id='word_1_223' title='bbox 590 1639 738 1692; x_wconf 85' lang='lat' dir='ltr'>spatium</span> <span class='ocrx_word' id='word_1_224' title='bbox 755 1644 962 1681; x_wconf 88' lang='lat' dir='ltr'>metiuntur.</span> <span class='ocrx_word' id='word_1_225' title='bbox 994 1641 1086 1677; x_wconf 85' lang='lat' dir='ltr'>Fue-</span> 
     </span>
     <span class='ocr_line' id='line_1_33' title="bbox 47 1690 1085 1749; baseline 0.001 -19"><span class='ocrx_word' id='word_1_226' title='bbox 47 1703 132 1730; x_wconf 83' lang='lat' dir='ltr'>runt</span> <span class='ocrx_word' id='word_1_227' title='bbox 140 1694 201 1744; x_wconf 84' lang='lat' dir='ltr'>qui</span> <span class='ocrx_word' id='word_1_228' title='bbox 210 1704 322 1730; x_wconf 87' lang='lat' dir='ltr'>annos</span> <span class='ocrx_word' id='word_1_229' title='bbox 330 1691 408 1729; x_wconf 84' lang='lat' dir='ltr'>illos</span> <span class='ocrx_word' id='word_1_230' title='bbox 417 1693 522 1749; x_wconf 83' lang='lat' dir='ltr'>paulo</span> <span class='ocrx_word' id='word_1_231' title='bbox 531 1693 607 1746; x_wconf 87' lang='lat' dir='ltr'>plus</span> <span class='ocrx_word' id='word_1_232' title='bbox 614 1709 724 1747; x_wconf 85' lang='lat' dir='ltr'>quarn</span> <span class='ocrx_word' id='word_1_233' title='bbox 733 1697 868 1739; x_wconf 66' lang='lat' dir='ltr'>menstr„</span> <span class='ocrx_word' id='word_1_234' title='bbox 916 1710 932 1735; x_wconf 84' lang='lat' dir='ltr'>s</span> <span class='ocrx_word' id='word_1_235' title='bbox 940 1690 1013 1734; x_wconf 87' lang='lat' dir='ltr'>esse</span> <span class='ocrx_word' id='word_1_236' title='bbox 1021 1707 1085 1746; x_wconf 90' lang='lat' dir='ltr'>pu-</span> 
     </span>
    </p>

    <p class='ocr_par' dir='ltr' id='par_1_14' title="bbox 0 1709 1084 1853">
     <span class='ocr_line' id='line_1_34' title="bbox 0 1709 1082 1804; baseline 0.001 -20"><span class='ocrx_word' id='word_1_237' title='bbox 0 1762 1 1766; x_wconf 47' lang='lat'><em>*</em></span> <span class='ocrx_word' id='word_1_238' title='bbox 48 1748 169 1786; x_wconf 80' lang='lat' dir='ltr'>tarint,</span> <span class='ocrx_word' id='word_1_239' title='bbox 180 1751 214 1784; x_wconf 88' lang='lat'>&amp;</span> <span class='ocrx_word' id='word_1_240' title='bbox 224 1745 365 1785; x_wconf 74' lang='lat' dir='ltr'>tantum</span> <span class='ocrx_word' id='word_1_241' title='bbox 383 1746 457 1784; x_wconf 79' lang='lat' dir='ltr'>dies</span> <span class='ocrx_word' id='word_1_242' title='bbox 463 1746 528 1786; x_wconf 71' lang='lat' dir='ltr'>sex</span> <span class='ocrx_word' id='word_1_243' title='bbox 539 1753 572 1786; x_wconf 64' lang='grc' dir='ltr'>ὅ(</span> <span class='ocrx_word' id='word_1_244' title='bbox 582 1751 728 1804; x_wconf 85' lang='lat' dir='ltr'>triginta</span> <span class='ocrx_word' id='word_1_245' title='bbox 745 1709 921 1792; x_wconf 51' lang='lat' dir='ltr'>effecilss</span> <span class='ocrx_word' id='word_1_246' title='bbox 945 1762 984 1788; x_wconf 87' lang='lat' dir='ltr'>ut</span> <span class='ocrx_word' id='word_1_247' title='bbox 995 1745 1082 1786; x_wconf 77' lang='lat' dir='ltr'>effer</span> 
     </span>
     <span class='ocr_line' id='line_1_35' title="bbox 47 1802 1084 1853; baseline 0.003 -15"><span class='ocrx_word' id='word_1_248' title='bbox 47 1811 215 1838; x_wconf 82' lang='lat' dir='ltr'>numerus</span> <span class='ocrx_word' id='word_1_249' title='bbox 231 1802 416 1853; x_wconf 82' lang='lat' dir='ltr'>quadratus</span> <span class='ocrx_word' id='word_1_250' title='bbox 425 1826 434 1840; x_wconf 84' lang='lat'>,</span> <span class='ocrx_word' id='word_1_251' title='bbox 453 1804 534 1853; x_wconf 90' lang='lat' dir='ltr'>quia</span> <span class='ocrx_word' id='word_1_252' title='bbox 556 1803 706 1844; x_wconf 82' lang='lat' dir='ltr'>efficitur</span> <span class='ocrx_word' id='word_1_253' title='bbox 723 1818 767 1843; x_wconf 89' lang='lat' dir='ltr'>ex</span> <span class='ocrx_word' id='word_1_254' title='bbox 784 1819 938 1844; x_wconf 87' lang='lat' dir='ltr'>numero</span> <span class='ocrx_word' id='word_1_255' title='bbox 947 1803 1084 1842; x_wconf 83' lang='lat' dir='ltr'>senario</span> 
     </span>
    </p>

    <p class='ocr_par' dir='ltr' id='par_1_15' title="bbox 28 1854 1086 1950">
     <span class='ocr_line' id='line_1_36' title="bbox 28 1854 1086 1909; baseline -0.001 -15"><span class='ocrx_word' id='word_1_256' title='bbox 28 1854 35 1862; x_wconf 66' lang='lat'><em>⁰</em></span> <span class='ocrx_word' id='word_1_257' title='bbox 46 1854 153 1894; x_wconf 78' lang='lat' dir='ltr'>sexies</span> <span class='ocrx_word' id='word_1_258' title='bbox 163 1854 282 1894; x_wconf 69' lang='grc' dir='ltr'>ἀυᾶο.</span> <span class='ocrx_word' id='word_1_259' title='bbox 313 1858 485 1909; x_wconf 76' lang='lat' dir='ltr'>Qrum</span> <span class='ocrx_word' id='word_1_260' title='bbox 493 1859 613 1907; x_wconf 82' lang='lat' dir='ltr'>itaque</span> <span class='ocrx_word' id='word_1_261' title='bbox 622 1872 801 1898; x_wconf 79' lang='lat' dir='ltr'>annorum</span> <span class='ocrx_word' id='word_1_262' title='bbox 811 1874 855 1898; x_wconf 84' lang='lat' dir='ltr'>ex</span> <span class='ocrx_word' id='word_1_263' title='bbox 864 1861 988 1898; x_wconf 80' lang='lat' dir='ltr'>nostris</span> <span class='ocrx_word' id='word_1_264' title='bbox 997 1869 1086 1897; x_wconf 80' lang='lat' dir='ltr'>unus</span> 
     </span>
     <span class='ocr_line' id='line_1_37' title="bbox 45 1908 1085 1950; baseline 0 -2"><span class='ocrx_word' id='word_1_265' title='bbox 45 1909 175 1948; x_wconf 82' lang='lat' dir='ltr'>decem</span> <span class='ocrx_word' id='word_1_266' title='bbox 191 1910 396 1948; x_wconf 88' lang='lat' dir='ltr'>contineret</span> <span class='ocrx_word' id='word_1_267' title='bbox 405 1933 415 1949; x_wconf 84' lang='lat'><em>‚</em></span> <span class='ocrx_word' id='word_1_268' title='bbox 434 1912 469 1947; x_wconf 87' lang='lat'>&amp;</span> <span class='ocrx_word' id='word_1_269' title='bbox 478 1908 606 1948; x_wconf 82' lang='lat' dir='ltr'>talibus</span> <span class='ocrx_word' id='word_1_270' title='bbox 622 1912 721 1948; x_wconf 90' lang='lat' dir='ltr'>annis</span> <span class='ocrx_word' id='word_1_271' title='bbox 730 1915 766 1948; x_wconf 90' lang='lat' dir='ltr'>in</span> <span class='ocrx_word' id='word_1_272' title='bbox 776 1911 971 1950; x_wconf 84' lang='lat' dir='ltr'>duodecim</span> <span class='ocrx_word' id='word_1_273' title='bbox 980 1923 1085 1948; x_wconf 89' lang='lat' dir='ltr'>men-</span> 
     </span>
    </p>

    <p class='ocr_par' dir='ltr' id='par_1_16' title="bbox 0 1963 1085 2127">
     <span class='ocr_line' id='line_1_38' title="bbox 0 1963 1085 2018; baseline -0.001 -15"><span class='ocrx_word' id='word_1_274' title='bbox 0 2005 1 2010; x_wconf 54' lang='grc'>,</span> <span class='ocrx_word' id='word_1_275' title='bbox 37 1963 94 2003; x_wconf 73' lang='lat' dir='ltr'>ses</span> <span class='ocrx_word' id='word_1_276' title='bbox 104 1963 225 2005; x_wconf 71' lang='lat' dir='ltr'>divisis,</span> <span class='ocrx_word' id='word_1_277' title='bbox 236 1963 465 2018; x_wconf 84' lang='lat' dir='ltr'>unusquisque</span> <span class='ocrx_word' id='word_1_278' title='bbox 475 1964 604 2002; x_wconf 82' lang='lat' dir='ltr'>menfis</span> <span class='ocrx_word' id='word_1_279' title='bbox 613 1976 681 2003; x_wconf 85' lang='lat' dir='ltr'>tres</span> <span class='ocrx_word' id='word_1_280' title='bbox 690 1965 763 2003; x_wconf 84' lang='lat' dir='ltr'>dies</span> <span class='ocrx_word' id='word_1_281' title='bbox 773 1967 987 2003; x_wconf 87' lang='lat' dir='ltr'>contineret.</span> <span class='ocrx_word' id='word_1_282' title='bbox 1012 1969 1085 2002; x_wconf 74' lang='lat' dir='ltr'>Au-v</span> 
     </span>
     <span class='ocr_line' id='line_1_39' title="bbox 40 2019 1082 2074; baseline -0.001 -16"><span class='ocrx_word' id='word_1_283' title='bbox 40 2019 200 2074; x_wconf 77' lang='lat' dir='ltr'>gustinus</span> <span class='ocrx_word' id='word_1_284' title='bbox 206 2019 317 2068; x_wconf 85' lang='lat' dir='ltr'>lib.15.</span> <span class='ocrx_word' id='word_1_285' title='bbox 329 2020 372 2058; x_wconf 91' lang='lat' dir='ltr'>de</span> <span class='ocrx_word' id='word_1_286' title='bbox 384 2020 490 2059; x_wconf 87' lang='lat' dir='ltr'>Civit.</span> <span class='ocrx_word' id='word_1_287' title='bbox 498 2020 569 2057; x_wconf 86' lang='lat' dir='ltr'>Dei</span> <span class='ocrx_word' id='word_1_288' title='bbox 577 2032 702 2072; x_wconf 82' lang='lat' dir='ltr'>cap.13.</span> <span class='ocrx_word' id='word_1_289' title='bbox 713 2031 815 2072; x_wconf 87' lang='lat' dir='ltr'>putat</span> <span class='ocrx_word' id='word_1_290' title='bbox 823 2043 832 2060; x_wconf 89' lang='lat'>,</span> <span class='ocrx_word' id='word_1_291' title='bbox 851 2032 936 2057; x_wconf 89' lang='lat' dir='ltr'>eum</span> <span class='ocrx_word' id='word_1_292' title='bbox 947 2020 1007 2071; x_wconf 90' lang='lat' dir='ltr'>qui</span> <span class='ocrx_word' id='word_1_293' title='bbox 1016 2032 1082 2057; x_wconf 90' lang='lat' dir='ltr'>nu-</span> 
     </span>
     <span class='ocr_line' id='line_1_40' title="bbox 45 2073 1082 2127; baseline -0.002 -14"><span class='ocrx_word' id='word_1_294' title='bbox 45 2087 163 2113; x_wconf 85' lang='lat' dir='ltr'>meros</span> <span class='ocrx_word' id='word_1_295' title='bbox 180 2076 229 2112; x_wconf 89' lang='lat' dir='ltr'>ita</span> <span class='ocrx_word' id='word_1_296' title='bbox 245 2076 396 2114; x_wconf 90' lang='lat' dir='ltr'>mutavit</span> <span class='ocrx_word' id='word_1_297' title='bbox 406 2079 440 2112; x_wconf 91' lang='lat'>&amp;</span> <span class='ocrx_word' id='word_1_298' title='bbox 453 2076 620 2126; x_wconf 72' lang='lat' dir='ltr'>pervertit</span> <span class='ocrx_word' id='word_1_299' title='bbox 629 2076 666 2111; x_wconf 90' lang='lat' dir='ltr'>in</span> <span class='ocrx_word' id='word_1_300' title='bbox 683 2086 752 2112; x_wconf 70' lang='lat' dir='ltr'>Lxx</span> <span class='ocrx_word' id='word_1_301' title='bbox 762 2076 997 2127; x_wconf 84' lang='lat' dir='ltr'>interpretum</span> <span class='ocrx_word' id='word_1_302' title='bbox 1008 2073 1082 2111; x_wconf 90' lang='lat' dir='ltr'>edi-</span> 
     </span>
    </p>

    <p class='ocr_par' dir='ltr' id='par_1_17' title="bbox 28 2125 1081 2509">
     <span class='ocr_line' id='line_1_41' title="bbox 28 2125 1080 2181; baseline 0 -13"><span class='ocrx_word' id='word_1_303' title='bbox 28 2136 29 2139; x_wconf 76' lang='grc'>’</span> <span class='ocrx_word' id='word_1_304' title='bbox 44 2130 158 2170; x_wconf 84' lang='lat' dir='ltr'>tione,</span> <span class='ocrx_word' id='word_1_305' title='bbox 168 2125 268 2168; x_wconf 78' lang='lat' dir='ltr'>fuisse</span> <span class='ocrx_word' id='word_1_306' title='bbox 277 2132 315 2167; x_wconf 90' lang='lat' dir='ltr'>in</span> <span class='ocrx_word' id='word_1_307' title='bbox 323 2129 382 2167; x_wconf 88' lang='lat' dir='ltr'>illa</span> <span class='ocrx_word' id='word_1_308' title='bbox 390 2128 575 2169; x_wconf 80' lang='lat' dir='ltr'>sententia,</span> <span class='ocrx_word' id='word_1_309' title='bbox 589 2131 653 2181; x_wconf 80' lang='lat' dir='ltr'>qui</span> <span class='ocrx_word' id='word_1_310' title='bbox 661 2142 743 2167; x_wconf 86' lang='lat' dir='ltr'>cum</span> <span class='ocrx_word' id='word_1_311' title='bbox 754 2129 863 2167; x_wconf 84' lang='lat' dir='ltr'>vellet</span> <span class='ocrx_word' id='word_1_312' title='bbox 863 2130 1080 2181; x_wconf 83' lang='lat' dir='ltr'>persuadere,</span> 
     </span>
     <span class='ocr_line' id='line_1_42' title="bbox 41 2182 1081 2236; baseline -0.003 -14"><span class='ocrx_word' id='word_1_313' title='bbox 41 2184 119 2222; x_wconf 62' lang='lat' dir='ltr'>idea</span> <span class='ocrx_word' id='word_1_314' title='bbox 135 2182 406 2234; x_wconf 74' lang='lat' dir='ltr'>numercfiffimos</span> <span class='ocrx_word' id='word_1_315' title='bbox 413 2196 520 2221; x_wconf 78' lang='lat' dir='ltr'>annos</span> <span class='ocrx_word' id='word_1_316' title='bbox 529 2182 654 2234; x_wconf 66' lang='lat' dir='ltr'>vixiffie</span> <span class='ocrx_word' id='word_1_317' title='bbox 660 2186 834 2235; x_wconf 78' lang='lat' dir='ltr'>antiquos,</span> <span class='ocrx_word' id='word_1_318' title='bbox 846 2184 940 2236; x_wconf 82' lang='lat' dir='ltr'>quod</span> <span class='ocrx_word' id='word_1_319' title='bbox 947 2187 995 2220; x_wconf 79' lang='lat' dir='ltr'>eos</span> <span class='ocrx_word' id='word_1_320' title='bbox 1006 2182 1081 2219; x_wconf 87' lang='lat' dir='ltr'>bre-</span> 
     </span>
     <span class='ocr_line' id='line_1_43' title="bbox 43 2235 1077 2289; baseline -0.004 -11"><span class='ocrx_word' id='word_1_321' title='bbox 43 2235 195 2289; x_wconf 64' lang='lat' dir='ltr'>viffimos</span> <span class='ocrx_word' id='word_1_322' title='bbox 201 2238 464 2289; x_wconf 54' lang='lat' dir='ltr'>nuncupabant,</span> <span class='ocrx_word' id='word_1_323' title='bbox 483 2236 528 2283; x_wconf 63' lang='grc' dir='ltr'>ύ-</span> <span class='ocrx_word' id='word_1_324' title='bbox 538 2236 597 2275; x_wconf 89' lang='lat' dir='ltr'>hoc</span> <span class='ocrx_word' id='word_1_325' title='bbox 605 2238 646 2276; x_wconf 88' lang='lat' dir='ltr'>a&#39;e</span> <span class='ocrx_word' id='word_1_326' title='bbox 655 2241 865 2276; x_wconf 81' lang='lat' dir='ltr'>maturitate</span> <span class='ocrx_word' id='word_1_327' title='bbox 866 2236 1077 2288; x_wconf 81' lang='lat' dir='ltr'>pubertatis,</span> 
     </span>
     <span class='ocr_line' id='line_1_44' title="bbox 44 2293 1081 2346; baseline 0 -16"><span class='ocrx_word' id='word_1_328' title='bbox 44 2306 118 2346; x_wconf 73' lang='lat' dir='ltr'>qua</span> <span class='ocrx_word' id='word_1_329' title='bbox 124 2294 244 2331; x_wconf 75' lang='lat' dir='ltr'>idonea</span> <span class='ocrx_word' id='word_1_330' title='bbox 243 2293 316 2342; x_wconf 80' lang='lat' dir='ltr'>filii</span> <span class='ocrx_word' id='word_1_331' title='bbox 328 2297 565 2344; x_wconf 81' lang='lat' dir='ltr'>gignerentur,</span> <span class='ocrx_word' id='word_1_332' title='bbox 577 2304 760 2330; x_wconf 83' lang='lat' dir='ltr'>conaretur</span> <span class='ocrx_word' id='word_1_333' title='bbox 771 2293 936 2343; x_wconf 85' lang='lat' dir='ltr'>ostendere</span> <span class='ocrx_word' id='word_1_334' title='bbox 945 2309 956 2329; x_wconf 83' lang='lat'>.·</span> <span class='ocrx_word' id='word_1_335' title='bbox 973 2302 1081 2344; x_wconf 84' lang='lat' dir='ltr'>atque</span> 
     </span>
     <span class='ocr_line' id='line_1_45' title="bbox 43 2345 1077 2398; baseline -0.003 -12"><span class='ocrx_word' id='word_1_336' title='bbox 43 2347 116 2386; x_wconf 59' lang='lat' dir='ltr'>idea</span> <span class='ocrx_word' id='word_1_337' title='bbox 126 2350 164 2385; x_wconf 86' lang='lat' dir='ltr'>in</span> <span class='ocrx_word' id='word_1_338' title='bbox 179 2349 247 2385; x_wconf 79' lang='lat' dir='ltr'>illis</span> <span class='ocrx_word' id='word_1_339' title='bbox 254 2358 395 2393; x_wconf 86' lang='lat' dir='ltr'>centum</span> <span class='ocrx_word' id='word_1_340' title='bbox 411 2349 514 2386; x_wconf 80' lang='lat' dir='ltr'>annis</span> <span class='ocrx_word' id='word_1_341' title='bbox 522 2349 636 2386; x_wconf 82' lang='lat' dir='ltr'>decem</span> <span class='ocrx_word' id='word_1_342' title='bbox 645 2351 773 2386; x_wconf 56' lang='lat' dir='ltr'>nostros</span> <span class='ocrx_word' id='word_1_343' title='bbox 781 2345 1000 2398; x_wconf 67' lang='lat' dir='ltr'>insinuandos</span> <span class='ocrx_word' id='word_1_344' title='bbox 1008 2346 1077 2397; x_wconf 71' lang='lat' dir='ltr'>pu-</span> 
     </span>
     <span class='ocr_line' id='line_1_46' title="bbox 44 2401 1079 2453; baseline 0 -14"><span class='ocrx_word' id='word_1_345' title='bbox 44 2411 136 2440; x_wconf 72' lang='lat' dir='ltr'>uret</span> <span class='ocrx_word' id='word_1_346' title='bbox 143 2403 337 2444; x_wconf 78' lang='lat' dir='ltr'>incredulis,</span> <span class='ocrx_word' id='word_1_347' title='bbox 348 2418 390 2442; x_wconf 87' lang='lat' dir='ltr'>ne</span> <span class='ocrx_word' id='word_1_348' title='bbox 399 2405 549 2442; x_wconf 84' lang='lat' dir='ltr'>homines</span> <span class='ocrx_word' id='word_1_349' title='bbox 558 2403 697 2441; x_wconf 79' lang='lat' dir='ltr'>tamdiu</span> <span class='ocrx_word' id='word_1_350' title='bbox 707 2401 831 2453; x_wconf 77' lang='lat' dir='ltr'>vixiffl·</span> <span class='ocrx_word' id='word_1_351' title='bbox 840 2406 982 2453; x_wconf 85' lang='lat' dir='ltr'>recipere</span> <span class='ocrx_word' id='word_1_352' title='bbox 989 2405 1028 2439; x_wconf 88' lang='lat' dir='ltr'>in</span> <span class='ocrx_word' id='word_1_353' title='bbox 1030 2402 1079 2450; x_wconf 88' lang='lat' dir='ltr'>fi-</span> 
     </span>
     <span class='ocr_line' id='line_1_47' title="bbox 45 2455 1078 2509; baseline 0.002 -17"><span class='ocrx_word' id='word_1_354' title='bbox 45 2455 124 2493; x_wconf 76' lang='lat' dir='ltr'>dem</span> <span class='ocrx_word' id='word_1_355' title='bbox 139 2458 280 2499; x_wconf 72' lang='lat' dir='ltr'>nollent,</span> <span class='ocrx_word' id='word_1_356' title='bbox 297 2458 434 2497; x_wconf 65' lang='lat' dir='ltr'>addidit</span> <span class='ocrx_word' id='word_1_357' title='bbox 442 2468 582 2497; x_wconf 84' lang='lat' dir='ltr'>centum</span> <span class='ocrx_word' id='word_1_358' title='bbox 592 2486 602 2499; x_wconf 92' lang='lat'>,</span> <span class='ocrx_word' id='word_1_359' title='bbox 622 2457 684 2496; x_wconf 85' lang='lat' dir='ltr'>ubi</span> <span class='ocrx_word' id='word_1_360' title='bbox 688 2459 868 2509; x_wconf 75' lang='lat' dir='ltr'>gignendis</span> <span class='ocrx_word' id='word_1_361' title='bbox 875 2457 961 2507; x_wconf 74' lang='lat' dir='ltr'>filivs</span> <span class='ocrx_word' id='word_1_362' title='bbox 979 2457 1078 2495; x_wconf 83' lang='lat' dir='ltr'>habi-</span> 
     </span>
    </p>
   </div>
   <div class='ocr_carea' id='block_1_10' title="bbox 46 2509 1153 2566">
    <p class='ocr_par' dir='ltr' id='par_1_18' title="bbox 46 2509 1153 2566">
     <span class='ocr_line' id='line_1_48' title="bbox 46 2509 1153 2566; baseline 0.004 -19"><span class='ocrx_word' id='word_1_363' title='bbox 46 2509 115 2547; x_wconf 84' lang='lat' dir='ltr'>lem</span> <span class='ocrx_word' id='word_1_364' title='bbox 133 2512 346 2560; x_wconf 77' lang='lat' dir='ltr'>noninvenit</span> <span class='ocrx_word' id='word_1_365' title='bbox 353 2524 496 2556; x_wconf 73' lang='lat' dir='ltr'>atatem,</span> <span class='ocrx_word' id='word_1_366' title='bbox 515 2514 710 2566; x_wconf 82' lang='lat' dir='ltr'>eosdemque</span> <span class='ocrx_word' id='word_1_367' title='bbox 721 2514 792 2564; x_wconf 84' lang='lat' dir='ltr'>post</span> <span class='ocrx_word' id='word_1_368' title='bbox 793 2516 925 2564; x_wconf 83' lang='lat' dir='ltr'>genitos</span> <span class='ocrx_word' id='word_1_369' title='bbox 924 2512 1024 2561; x_wconf 79' lang='lat' dir='ltr'>filios,</span> <span class='ocrx_word' id='word_1_370' title='bbox 1037 2524 1079 2551; x_wconf 88' lang='lat' dir='ltr'>ut</span> <span class='ocrx_word' id='word_1_371' title='bbox 1128 2523 1153 2564; x_wconf 88' lang='lat' dir='ltr'><em>p</em></span> 
     </span>
    </p>
   </div>
   <div class='ocr_carea' id='block_1_11' title="bbox 0 2566 1078 2942">
    <p class='ocr_par' dir='ltr' id='par_1_19' title="bbox 0 2566 1078 2942">
     <span class='ocr_line' id='line_1_49' title="bbox 0 2566 1078 2620; baseline 0.005 -19"><span class='ocrx_word' id='word_1_372' title='bbox 0 2595 4 2611; x_wconf 74' lang='lat'>:</span> <span class='ocrx_word' id='word_1_373' title='bbox 46 2574 244 2614; x_wconf 77' lang='lat' dir='ltr'>congrueret</span> <span class='ocrx_word' id='word_1_374' title='bbox 246 2566 565 2615; x_wconf 62' lang='lat' dir='ltr'>summmdetraxit.</span> <span class='ocrx_word' id='word_1_375' title='bbox 579 2572 637 2606; x_wconf 90' lang='lat' dir='ltr'>Sic</span> <span class='ocrx_word' id='word_1_376' title='bbox 645 2570 765 2620; x_wconf 60' lang='lat' dir='ltr'>quippe</span> <span class='ocrx_word' id='word_1_377' title='bbox 773 2568 892 2606; x_wconf 83' lang='lat' dir='ltr'>voluit</span> <span class='ocrx_word' id='word_1_378' title='bbox 904 2567 1078 2606; x_wconf 82' lang='lat' dir='ltr'>credibiles</span> 
     </span>
     <span class='ocr_line' id='line_1_50' title="bbox 40 2617 1074 2674; baseline 0.006 -19"><span class='ocrx_word' id='word_1_379' title='bbox 40 2617 159 2670; x_wconf 80' lang='lat' dir='ltr'>fhcere</span> <span class='ocrx_word' id='word_1_380' title='bbox 174 2617 371 2674; x_wconf 74' lang='lat' dir='ltr'>idonearum</span> <span class='ocrx_word' id='word_1_381' title='bbox 385 2626 580 2673; x_wconf 68' lang='lat' dir='ltr'>generanda</span> <span class='ocrx_word' id='word_1_382' title='bbox 591 2624 694 2674; x_wconf 87' lang='lat' dir='ltr'>prolis</span> <span class='ocrx_word' id='word_1_383' title='bbox 719 2625 980 2662; x_wconf 81' lang='lat' dir='ltr'>convenientias</span> <span class='ocrx_word' id='word_1_384' title='bbox 994 2634 1074 2661; x_wconf 71' lang='lat' dir='ltr'>ata-</span> 
     </span>
     <span class='ocr_line' id='line_1_51' title="bbox 45 2673 1075 2732; baseline 0.004 -21"><span class='ocrx_word' id='word_1_385' title='bbox 45 2684 137 2712; x_wconf 82' lang='lat' dir='ltr'>tum.</span> <span class='ocrx_word' id='word_1_386' title='bbox 151 2677 215 2711; x_wconf 74' lang='grc' dir='ltr'>ἀς.</span> <span class='ocrx_word' id='word_1_387' title='bbox 245 2673 332 2712; x_wconf 86' lang='lat' dir='ltr'>Haec</span> <span class='ocrx_word' id='word_1_388' title='bbox 340 2680 522 2731; x_wconf 84' lang='lat' dir='ltr'>Augustini</span> <span class='ocrx_word' id='word_1_389' title='bbox 530 2678 701 2717; x_wconf 88' lang='lat' dir='ltr'>sententia</span> <span class='ocrx_word' id='word_1_390' title='bbox 714 2692 790 2716; x_wconf 89' lang='lat' dir='ltr'>non</span> <span class='ocrx_word' id='word_1_391' title='bbox 800 2691 895 2717; x_wconf 89' lang='lat' dir='ltr'>caret</span> <span class='ocrx_word' id='word_1_392' title='bbox 904 2678 1075 2732; x_wconf 89' lang='lat' dir='ltr'>probabi-</span> 
     </span>
     <span class='ocr_line' id='line_1_52' title="bbox 45 2727 1076 2787; baseline 0.008 -22"><span class='ocrx_word' id='word_1_393' title='bbox 45 2727 158 2768; x_wconf 84' lang='lat' dir='ltr'>litate,</span> <span class='ocrx_word' id='word_1_394' title='bbox 177 2739 286 2779; x_wconf 90' lang='lat' dir='ltr'>quam</span> <span class='ocrx_word' id='word_1_395' title='bbox 295 2731 402 2767; x_wconf 86' lang='lat' dir='ltr'>etiam</span> <span class='ocrx_word' id='word_1_396' title='bbox 410 2745 454 2769; x_wconf 88' lang='lat' dir='ltr'>ex</span> <span class='ocrx_word' id='word_1_397' title='bbox 463 2740 508 2770; x_wconf 82' lang='lat' dir='ltr'>&#39;eo</span> <span class='ocrx_word' id='word_1_398' title='bbox 518 2732 709 2773; x_wconf 85' lang='lat' dir='ltr'>confirmat</span> <span class='ocrx_word' id='word_1_399' title='bbox 719 2759 728 2776; x_wconf 87' lang='lat'>‚</span> <span class='ocrx_word' id='word_1_400' title='bbox 749 2735 846 2787; x_wconf 90' lang='lat' dir='ltr'>quod</span> <span class='ocrx_word' id='word_1_401' title='bbox 855 2735 892 2773; x_wconf 90' lang='lat' dir='ltr'>id</span> <span class='ocrx_word' id='word_1_402' title='bbox 900 2748 977 2772; x_wconf 91' lang='lat' dir='ltr'>non</span> <span class='ocrx_word' id='word_1_403' title='bbox 989 2733 1076 2773; x_wconf 91' lang='lat' dir='ltr'>fecit</span> 
     </span>
     <span class='ocr_line' id='line_1_53' title="bbox 45 2781 1077 2844; baseline 0.01 -25"><span class='ocrx_word' id='word_1_404' title='bbox 45 2784 84 2820; x_wconf 89' lang='lat' dir='ltr'>in</span> <span class='ocrx_word' id='word_1_405' title='bbox 93 2781 187 2820; x_wconf 85' lang='lat' dir='ltr'>sexta</span> <span class='ocrx_word' id='word_1_406' title='bbox 195 2784 439 2836; x_wconf 81' lang='lat' dir='ltr'>generatione,</span> <span class='ocrx_word' id='word_1_407' title='bbox 456 2789 536 2836; x_wconf 88' lang='lat' dir='ltr'>quia</span> <span class='ocrx_word' id='word_1_408' title='bbox 546 2802 629 2826; x_wconf 88' lang='lat' dir='ltr'>cum</span> <span class='ocrx_word' id='word_1_409' title='bbox 638 2791 776 2828; x_wconf 82' lang='lat' dir='ltr'>videret</span> <span class='ocrx_word' id='word_1_410' title='bbox 785 2792 824 2828; x_wconf 87' lang='lat' dir='ltr'>in</span> <span class='ocrx_word' id='word_1_411' title='bbox 835 2790 960 2829; x_wconf 87' lang='lat' dir='ltr'>Ebraeo</span> <span class='ocrx_word' id='word_1_412' title='bbox 968 2790 1077 2844; x_wconf 88' lang='lat' dir='ltr'>Jared</span> 
     </span>
     <span class='ocr_line' id='line_1_54' title="bbox 45 2833 1074 2889; baseline 0.007 -14"><span class='ocrx_word' id='word_1_413' title='bbox 45 2833 167 2885; x_wconf 71' lang='lat' dir='ltr'>vixiffe</span> <span class='ocrx_word' id='word_1_414' title='bbox 177 2850 370 2888; x_wconf 74' lang='lat' dir='ltr'>antequam</span> <span class='ocrx_word' id='word_1_415' title='bbox 379 2836 554 2889; x_wconf 81' lang='lat' dir='ltr'>genuisset</span> <span class='ocrx_word' id='word_1_416' title='bbox 563 2843 793 2886; x_wconf 86' lang='lat' dir='ltr'>Henoch‚162</span> <span class='ocrx_word' id='word_1_417' title='bbox 802 2859 1014 2888; x_wconf 88' lang='lat' dir='ltr'>annos,cum</span> <span class='ocrx_word' id='word_1_418' title='bbox 1023 2842 1074 2883; x_wconf 63' lang='lat' dir='ltr'>vi&#39;-</span> 
     </span>
     <span class='ocr_line' id='line_1_55' title="bbox 46 2891 1075 2942; baseline 0.009 -12"><span class='ocrx_word' id='word_1_419' title='bbox 46 2892 147 2930; x_wconf 87' lang='lat' dir='ltr'>deret</span> <span class='ocrx_word' id='word_1_420' title='bbox 162 2892 264 2930; x_wconf 84' lang='lat' dir='ltr'>illam&#39;</span> <span class='ocrx_word' id='word_1_421' title='bbox 282 2891 458 2931; x_wconf 86' lang='lat' dir='ltr'>summam</span> <span class='ocrx_word' id='word_1_422' title='bbox 475 2907 652 2933; x_wconf 88' lang='lat' dir='ltr'>annorum</span> <span class='ocrx_word' id='word_1_423' title='bbox 663 2897 827 2939; x_wconf 86' lang='lat' dir='ltr'>brevium</span> <span class='ocrx_word' id='word_1_424' title='bbox 840 2926 849 2942; x_wconf 87' lang='lat'>,</span> <span class='ocrx_word' id='word_1_425' title='bbox 872 2900 987 2940; x_wconf 89' lang='lat' dir='ltr'>facere</span> <span class='ocrx_word' id='word_1_426' title='bbox 1006 2915 1075 2939; x_wconf 88' lang='lat' dir='ltr'>no-</span> 
     </span>
    </p>
   </div>
   <div class='ocr_carea' id='block_1_12' title="bbox 27 2945 1076 3116">
    <p class='ocr_par' dir='ltr' id='par_1_20' title="bbox 27 2945 1076 3116">
     <span class='ocr_line' id='line_1_56' title="bbox 43 2945 1075 3006; baseline 0.009 -20"><span class='ocrx_word' id='word_1_427' title='bbox 43 2947 130 2986; x_wconf 86' lang='lat' dir='ltr'>stros</span> <span class='ocrx_word' id='word_1_428' title='bbox 139 2945 336 2988; x_wconf 84' lang='lat' dir='ltr'>sexdecim,</span> <span class='ocrx_word' id='word_1_429' title='bbox 362 2952 396 2986; x_wconf 91' lang='lat'>&amp;</span> <span class='ocrx_word' id='word_1_430' title='bbox 423 2948 533 2985; x_wconf 87' lang='lat' dir='ltr'>talem</span> <span class='ocrx_word' id='word_1_431' title='bbox 559 2962 701 2988; x_wconf 87' lang='lat' dir='ltr'>aetatem</span> <span class='ocrx_word' id='word_1_432' title='bbox 725 2954 769 2990; x_wconf 89' lang='lat' dir='ltr'>ad</span> <span class='ocrx_word' id='word_1_433' title='bbox 800 2958 1075 3006; x_wconf 86' lang='lat' dir='ltr'>generationem</span> 
     </span>
     <span class='ocr_line' id='line_1_57' title="bbox 27 2998 1075 3062; baseline 0.01 -23"><span class='ocrx_word' id='word_1_434' title='bbox 27 3040 29 3042; x_wconf 72' lang='grc'>,</span> <span class='ocrx_word' id='word_1_435' title='bbox 42 3014 165 3055; x_wconf 75' lang='lat' dir='ltr'>aptam</span> <span class='ocrx_word' id='word_1_436' title='bbox 187 2998 278 3043; x_wconf 86' lang='lat' dir='ltr'>effe,</span> <span class='ocrx_word' id='word_1_437' title='bbox 301 3001 384 3040; x_wconf 79' lang='lat' dir='ltr'>ideo</span> <span class='ocrx_word' id='word_1_438' title='bbox 393 3003 479 3040; x_wconf 88' lang='lat' dir='ltr'>nihil</span> <span class='ocrx_word' id='word_1_439' title='bbox 498 3004 711 3042; x_wconf 88' lang='lat' dir='ltr'>mutandum</span> <span class='ocrx_word' id='word_1_440' title='bbox 720 3007 860 3045; x_wconf 85' lang='lat' dir='ltr'>censuit.</span> <span class='ocrx_word' id='word_1_441' title='bbox 893 3013 1075 3062; x_wconf 81' lang='lat' dir='ltr'>Qicquid</span> 
     </span>
     <span class='ocr_line' id='line_1_58' title="bbox 43 3057 1076 3116; baseline 0.007 -20"><span class='ocrx_word' id='word_1_442' title='bbox 43 3057 85 3096; x_wconf 82' lang='lat' dir='ltr'>fit</span> <span class='ocrx_word' id='word_1_443' title='bbox 93 3058 137 3095; x_wconf 89' lang='lat' dir='ltr'>de</span> <span class='ocrx_word' id='word_1_444' title='bbox 150 3057 237 3095; x_wconf 86' lang='lat' dir='ltr'>illius</span> <span class='ocrx_word' id='word_1_445' title='bbox 248 3057 405 3095; x_wconf 85' lang='lat' dir='ltr'>hominis</span> <span class='ocrx_word' id='word_1_446' title='bbox 413 3059 615 3096; x_wconf 87' lang='lat' dir='ltr'>intentione</span> <span class='ocrx_word' id='word_1_447' title='bbox 626 3083 634 3099; x_wconf 90' lang='lat'>,</span> <span class='ocrx_word' id='word_1_448' title='bbox 653 3072 788 3097; x_wconf 89' lang='lat' dir='ltr'>certum</span> <span class='ocrx_word' id='word_1_449' title='bbox 799 3063 858 3103; x_wconf 89' lang='lat' dir='ltr'>est,</span> <span class='ocrx_word' id='word_1_450' title='bbox 866 3077 937 3100; x_wconf 58' lang='lat' dir='ltr'>»eos</span> <span class='ocrx_word' id='word_1_451' title='bbox 946 3069 1005 3116; x_wconf 90' lang='lat' dir='ltr'>qui</span> <span class='ocrx_word' id='word_1_452' title='bbox 1015 3080 1076 3103; x_wconf 88' lang='lat' dir='ltr'>an-</span> 
     </span>
    </p>
   </div>
   <div class='ocr_carea' id='block_1_13' title="bbox 45 3113 1073 3173">
    <p class='ocr_par' dir='ltr' id='par_1_21' title="bbox 45 3113 1073 3173">
     <span class='ocr_line' id='line_1_59' title="bbox 45 3113 1073 3173; baseline 0.007 -22"><span class='ocrx_word' id='word_1_453' title='bbox 45 3125 111 3152; x_wconf 87' lang='lat' dir='ltr'>nos</span> <span class='ocrx_word' id='word_1_454' title='bbox 121 3114 197 3153; x_wconf 84' lang='lat' dir='ltr'>vitae</span> <span class='ocrx_word' id='word_1_455' title='bbox 214 3116 355 3154; x_wconf 72' lang='lat' dir='ltr'>Panum</span> <span class='ocrx_word' id='word_1_456' title='bbox 372 3117 420 3153; x_wconf 82' lang='lat' dir='ltr'>ita</span> <span class='ocrx_word' id='word_1_457' title='bbox 442 3114 629 3155; x_wconf 76' lang='lat' dir='ltr'>voluerunt</span> <span class='ocrx_word' id='word_1_458' title='bbox 647 3113 846 3173; x_wconf 80' lang='lat' dir='ltr'>decurtare,</span> <span class='ocrx_word' id='word_1_459' title='bbox 866 3118 1073 3172; x_wconf 74' lang='lat' dir='ltr'>ascripturae</span> 
     </span>
    </p>
   </div>
   <div class='ocr_carea' id='block_1_14' title="bbox 1099 2811 1129 3167">
    <p class='ocr_par' dir='ltr' id='par_1_22' title="bbox 1099 2811 1129 3167">
     <span class='ocr_line' id='line_1_60' title="bbox 1099 2811 1129 3167; baseline 0 -239"><span class='ocrx_word' id='word_1_460' title='bbox 1099 2811 1129 3167; x_wconf 95' lang='lat' dir='ltr'>  </span> 
     </span>
    </p>
   </div>
   <div class='ocr_carea' id='block_1_15' title="bbox 1139 44 2223 2184">
    <p class='ocr_par' dir='ltr' id='par_1_23' title="bbox 1146 44 2223 1400">
     <span class='ocr_line' id='line_1_61' title="bbox 2171 44 2181 58; baseline 0 0"><span class='ocrx_word' id='word_1_461' title='bbox 2171 44 2181 58; x_wconf 68' lang='grc' dir='ltr'><strong><em>θ</em></strong></span> 
     </span>
     <span class='ocr_line' id='line_1_62' title="bbox 1772 103 2209 148; baseline 0.014 -6"><span class='ocrx_word' id='word_1_462' title='bbox 1772 139 1782 142; x_wconf 68' lang='lat'><strong><em>-</em></strong></span> <span class='ocrx_word' id='word_1_463' title='bbox 2132 103 2177 147; x_wconf 77' lang='lat'>23</span> <span class='ocrx_word' id='word_1_464' title='bbox 2185 105 2209 148; x_wconf 86' lang='lat'><em>9</em></span> 
     </span>
     <span class='ocr_line' id='line_1_63' title="bbox 1170 147 2211 204; baseline 0.01 -17"><span class='ocrx_word' id='word_1_465' title='bbox 1170 148 1265 188; x_wconf 82' lang='lat' dir='ltr'>sensu</span> <span class='ocrx_word' id='word_1_466' title='bbox 1281 148 1393 204; x_wconf 71' lang='lat' dir='ltr'>longe</span> <span class='ocrx_word' id='word_1_467' title='bbox 1410 147 1543 190; x_wconf 81' lang='lat' dir='ltr'>abiisse.</span> <span class='ocrx_word' id='word_1_468' title='bbox 1571 153 1671 192; x_wconf 86' lang='lat' dir='ltr'>Nam</span> <span class='ocrx_word' id='word_1_469' title='bbox 1689 151 1716 191; x_wconf 82' lang='lat' dir='ltr'>fi</span> <span class='ocrx_word' id='word_1_470' title='bbox 1730 149 1784 191; x_wconf 77' lang='lat' dir='ltr'>ita</span> <span class='ocrx_word' id='word_1_471' title='bbox 1797 148 1896 196; x_wconf 70' lang='lat' dir='ltr'>esset,</span> <span class='ocrx_word' id='word_1_472' title='bbox 1907 153 2055 194; x_wconf 81' lang='lat' dir='ltr'>Ebra&#39;ica</span> <span class='ocrx_word' id='word_1_473' title='bbox 2064 161 2211 197; x_wconf 82' lang='lat' dir='ltr'>veritate</span> 
     </span>
     <span class='ocr_line' id='line_1_64' title="bbox 1167 206 2209 258; baseline 0.012 -17"><span class='ocrx_word' id='word_1_474' title='bbox 1167 217 1352 246; x_wconf 85' lang='lat' dir='ltr'>manente,</span> <span class='ocrx_word' id='word_1_475' title='bbox 1368 220 1446 258; x_wconf 84' lang='lat' dir='ltr'>quae</span> <span class='ocrx_word' id='word_1_476' title='bbox 1456 206 1609 258; x_wconf 85' lang='lat' dir='ltr'>praeferri</span> <span class='ocrx_word' id='word_1_477' title='bbox 1620 207 1729 246; x_wconf 89' lang='lat' dir='ltr'>debet</span> <span class='ocrx_word' id='word_1_478' title='bbox 1741 232 1751 250; x_wconf 72' lang='lat'>‚</span> <span class='ocrx_word' id='word_1_479' title='bbox 1772 222 1855 248; x_wconf 90' lang='lat' dir='ltr'>cum</span> <span class='ocrx_word' id='word_1_480' title='bbox 1875 212 2007 250; x_wconf 90' lang='lat' dir='ltr'>Henoc</span> <span class='ocrx_word' id='word_1_481' title='bbox 2025 217 2059 250; x_wconf 76' lang='grc'>8(</span> <span class='ocrx_word' id='word_1_482' title='bbox 2070 216 2209 253; x_wconf 86' lang='lat' dir='ltr'>Cainan</span> 
     </span>
     <span class='ocr_line' id='line_1_65' title="bbox 1165 257 2205 318; baseline 0.012 -22"><span class='ocrx_word' id='word_1_483' title='bbox 1165 257 1258 297; x_wconf 88' lang='lat' dir='ltr'>filios</span> <span class='ocrx_word' id='word_1_484' title='bbox 1274 263 1465 313; x_wconf 87' lang='lat' dir='ltr'>genuerint</span> <span class='ocrx_word' id='word_1_485' title='bbox 1474 286 1483 302; x_wconf 92' lang='lat'>,</span> <span class='ocrx_word' id='word_1_486' title='bbox 1503 276 1600 300; x_wconf 89' lang='lat' dir='ltr'>anno</span> <span class='ocrx_word' id='word_1_487' title='bbox 1609 264 1718 301; x_wconf 84' lang='lat' dir='ltr'>aetatis</span> <span class='ocrx_word' id='word_1_488' title='bbox 1734 263 1800 302; x_wconf 86' lang='lat' dir='ltr'>suae</span> <span class='ocrx_word' id='word_1_489' title='bbox 1810 275 1857 313; x_wconf 87' lang='lat'>65.</span> <span class='ocrx_word' id='word_1_490' title='bbox 1870 265 2090 318; x_wconf 67' lang='lat' dir='ltr'>sequeretur,</span> <span class='ocrx_word' id='word_1_491' title='bbox 2106 270 2132 306; x_wconf 82' lang='lat' dir='ltr'><strong>fi</strong></span> <span class='ocrx_word' id='word_1_492' title='bbox 2143 270 2205 308; x_wconf 87' lang='lat' dir='ltr'>de—</span> 
     </span>
     <span class='ocr_line' id='line_1_66' title="bbox 1166 316 2206 374; baseline 0.011 -22"><span class='ocrx_word' id='word_1_493' title='bbox 1166 328 1249 353; x_wconf 90' lang='lat' dir='ltr'>cem</span> <span class='ocrx_word' id='word_1_494' title='bbox 1274 329 1318 353; x_wconf 82' lang='lat' dir='ltr'>ex</span> <span class='ocrx_word' id='word_1_495' title='bbox 1335 316 1401 355; x_wconf 83' lang='lat' dir='ltr'>illis</span> <span class='ocrx_word' id='word_1_496' title='bbox 1429 330 1543 356; x_wconf 89' lang='lat' dir='ltr'>unum</span> <span class='ocrx_word' id='word_1_497' title='bbox 1576 319 1738 357; x_wconf 87' lang='lat' dir='ltr'>nostrum</span> <span class='ocrx_word' id='word_1_498' title='bbox 1754 318 1910 359; x_wconf 86' lang='lat' dir='ltr'>efficiant</span> <span class='ocrx_word' id='word_1_499' title='bbox 1921 346 1930 362; x_wconf 92' lang='lat'>,</span> <span class='ocrx_word' id='word_1_500' title='bbox 1957 322 2064 374; x_wconf 82' lang='lat' dir='ltr'>paulo</span> <span class='ocrx_word' id='word_1_501' title='bbox 2088 327 2206 363; x_wconf 83' lang='lat' dir='ltr'>minus</span> 
     </span>
     <span class='ocr_line' id='line_1_67' title="bbox 1165 370 2207 433; baseline 0.011 -26"><span class='ocrx_word' id='word_1_502' title='bbox 1165 383 1274 422; x_wconf 90' lang='lat' dir='ltr'>quam</span> <span class='ocrx_word' id='word_1_503' title='bbox 1290 370 1477 424; x_wconf 89' lang='lat' dir='ltr'>septennes</span> <span class='ocrx_word' id='word_1_504' title='bbox 1484 386 1624 425; x_wconf 87' lang='lat' dir='ltr'>pueros,</span> <span class='ocrx_word' id='word_1_505' title='bbox 1635 370 1736 412; x_wconf 83' lang='lat' dir='ltr'>fuisse</span> <span class='ocrx_word' id='word_1_506' title='bbox 1745 387 1859 425; x_wconf 85' lang='lat' dir='ltr'>patres</span> <span class='ocrx_word' id='word_1_507' title='bbox 1867 374 2034 416; x_wconf 84' lang='lat' dir='ltr'>filiorum.</span> <span class='ocrx_word' id='word_1_508' title='bbox 2049 380 2172 433; x_wconf 26' lang='lat' dir='ltr'>&#39;Qd</span> <span class='ocrx_word' id='word_1_509' title='bbox 2181 380 2207 419; x_wconf 79' lang='lat' dir='ltr'><strong>fi</strong></span> 
     </span>
     <span class='ocr_line' id='line_1_68' title="bbox 1164 424 2206 485; baseline 0.011 -23"><span class='ocrx_word' id='word_1_510' title='bbox 1164 424 1336 464; x_wconf 88' lang='lat' dir='ltr'>addantur</span> <span class='ocrx_word' id='word_1_511' title='bbox 1344 429 1456 466; x_wconf 87' lang='lat' dir='ltr'>etiam</span> <span class='ocrx_word' id='word_1_512' title='bbox 1466 440 1614 466; x_wconf 89' lang='lat' dir='ltr'>centum</span> <span class='ocrx_word' id='word_1_513' title='bbox 1627 430 1710 466; x_wconf 90' lang='lat' dir='ltr'>anni</span> <span class='ocrx_word' id='word_1_514' title='bbox 1720 431 1823 482; x_wconf 86' lang='lat' dir='ltr'>quiin</span> <span class='ocrx_word' id='word_1_515' title='bbox 1837 432 1918 470; x_wconf 87' lang='lat' dir='ltr'>edit.</span> <span class='ocrx_word' id='word_1_516' title='bbox 1932 446 2014 470; x_wconf 71' lang='lat' dir='ltr'>ixx.</span> <span class='ocrx_word' id='word_1_517' title='bbox 2024 437 2206 485; x_wconf 88' lang='lat' dir='ltr'>reperiun-</span> 
     </span>
     <span class='ocr_line' id='line_1_69' title="bbox 1163 483 2205 536; baseline 0.01 -18"><span class='ocrx_word' id='word_1_518' title='bbox 1163 492 1218 519; x_wconf 89' lang='lat' dir='ltr'>tur</span> <span class='ocrx_word' id='word_1_519' title='bbox 1227 505 1236 521; x_wconf 86' lang='lat'>,</span> <span class='ocrx_word' id='word_1_520' title='bbox 1255 495 1339 519; x_wconf 88' lang='lat' dir='ltr'>cum</span> <span class='ocrx_word' id='word_1_521' title='bbox 1357 495 1485 521; x_wconf 87' lang='lat' dir='ltr'>omnes</span> <span class='ocrx_word' id='word_1_522' title='bbox 1511 495 1586 521; x_wconf 87' lang='lat' dir='ltr'>tarn</span> <span class='ocrx_word' id='word_1_523' title='bbox 1612 483 1724 522; x_wconf 81' lang='lat' dir='ltr'>Ebtaei</span> <span class='ocrx_word' id='word_1_524' title='bbox 1745 498 1853 536; x_wconf 86' lang='lat' dir='ltr'>quam</span> <span class='ocrx_word' id='word_1_525' title='bbox 1880 490 1994 525; x_wconf 69' lang='lat' dir='ltr'>Graeci</span> <span class='ocrx_word' id='word_1_526' title='bbox 2009 489 2150 527; x_wconf 89' lang='lat' dir='ltr'>codices</span> <span class='ocrx_word' id='word_1_527' title='bbox 2166 491 2205 528; x_wconf 88' lang='lat' dir='ltr'>in</span> 
     </span>
     <span class='ocr_line' id='line_1_70' title="bbox 1159 535 2203 591; baseline 0.01 -19"><span class='ocrx_word' id='word_1_528' title='bbox 1159 535 1297 574; x_wconf 86' lang='lat' dir='ltr'>summa</span> <span class='ocrx_word' id='word_1_529' title='bbox 1306 539 1384 575; x_wconf 86' lang='lat' dir='ltr'>vitae</span> <span class='ocrx_word' id='word_1_530' title='bbox 1393 538 1620 591; x_wconf 65' lang='lat' dir='ltr'>uniuscujusqz</span> <span class='ocrx_word' id='word_1_531' title='bbox 1632 542 1856 581; x_wconf 62' lang='lat' dir='ltr'>conveniam</span> <span class='ocrx_word' id='word_1_532' title='bbox 1868 542 1980 580; x_wconf 87' lang='lat' dir='ltr'>nullus</span> <span class='ocrx_word' id='word_1_533' title='bbox 1991 555 2112 581; x_wconf 76' lang='lat' dir='ltr'>autem</span> <span class='ocrx_word' id='word_1_534' title='bbox 2122 544 2203 583; x_wconf 87' lang='lat' dir='ltr'>diu-</span> 
     </span>
     <span class='ocr_line' id='line_1_71' title="bbox 1159 590 2201 645; baseline 0.008 -17"><span class='ocrx_word' id='word_1_535' title='bbox 1159 590 1227 628; x_wconf 82' lang='lat' dir='ltr'>tius</span> <span class='ocrx_word' id='word_1_536' title='bbox 1238 593 1478 645; x_wconf 15' lang='lat' dir='ltr'>vixeritdquAm</span> <span class='ocrx_word' id='word_1_537' title='bbox 1490 593 1697 636; x_wconf 83' lang='lat' dir='ltr'>Mathusala‚</span> <span class='ocrx_word' id='word_1_538' title='bbox 1710 598 1805 643; x_wconf 74' lang='lat' dir='ltr'>cujus</span> <span class='ocrx_word' id='word_1_539' title='bbox 1815 599 1900 633; x_wconf 85' lang='lat' dir='ltr'>anni</span> <span class='ocrx_word' id='word_1_540' title='bbox 1910 596 2051 635; x_wconf 88' lang='lat' dir='ltr'>fuerunt</span> <span class='ocrx_word' id='word_1_541' title='bbox 2067 609 2112 641; x_wconf 87' lang='lat'>96</span> <span class='ocrx_word' id='word_1_542' title='bbox 2113 599 2201 640; x_wconf 84' lang='lat' dir='ltr'>9.se·</span> 
     </span>
     <span class='ocr_line' id='line_1_72' title="bbox 1159 648 2200 702; baseline 0.007 -18"><span class='ocrx_word' id='word_1_543' title='bbox 1159 659 1324 699; x_wconf 88' lang='lat' dir='ltr'>queretur</span> <span class='ocrx_word' id='word_1_544' title='bbox 1341 648 1481 686; x_wconf 90' lang='lat' dir='ltr'>nullum</span> <span class='ocrx_word' id='word_1_545' title='bbox 1500 649 1777 688; x_wconf 87' lang='lat' dir='ltr'>Patriarcharum</span> <span class='ocrx_word' id='word_1_546' title='bbox 1797 648 1990 702; x_wconf 77' lang='lat' dir='ltr'>pervenisse</span> <span class='ocrx_word' id='word_1_547' title='bbox 2002 653 2046 690; x_wconf 89' lang='lat' dir='ltr'>ad</span> <span class='ocrx_word' id='word_1_548' title='bbox 2066 666 2123 698; x_wconf 89' lang='lat'>97.</span> <span class='ocrx_word' id='word_1_549' title='bbox 2136 668 2200 691; x_wconf 89' lang='lat' dir='ltr'>an-</span> 
     </span>
     <span class='ocr_line' id='line_1_73' title="bbox 1157 704 2202 760; baseline 0.006 -21"><span class='ocrx_word' id='word_1_550' title='bbox 1157 715 1265 744; x_wconf 82' lang='lat' dir='ltr'>num,</span> <span class='ocrx_word' id='word_1_551' title='bbox 1285 716 1370 741; x_wconf 88' lang='lat' dir='ltr'>cum</span> <span class='ocrx_word' id='word_1_552' title='bbox 1381 716 1504 742; x_wconf 88' lang='lat' dir='ltr'>tamen</span> <span class='ocrx_word' id='word_1_553' title='bbox 1513 704 1584 742; x_wconf 93' lang='lat' dir='ltr'>hoc</span> <span class='ocrx_word' id='word_1_554' title='bbox 1598 707 1709 743; x_wconf 88' lang='lat' dir='ltr'>etiam</span> <span class='ocrx_word' id='word_1_555' title='bbox 1726 718 1892 758; x_wconf 83' lang='lat' dir='ltr'>tempore</span> <span class='ocrx_word' id='word_1_556' title='bbox 1909 710 2127 758; x_wconf 83' lang='lat' dir='ltr'>reperiantur</span> <span class='ocrx_word' id='word_1_557' title='bbox 2140 711 2202 760; x_wconf 89' lang='lat' dir='ltr'>qui</span> 
     </span>
     <span class='ocr_line' id='line_1_74' title="bbox 1155 756 2200 813; baseline 0.007 -19"><span class='ocrx_word' id='word_1_558' title='bbox 1155 756 1257 795; x_wconf 85' lang='lat' dir='ltr'>illum</span> <span class='ocrx_word' id='word_1_559' title='bbox 1265 758 1344 796; x_wconf 90' lang='lat' dir='ltr'>sunt</span> <span class='ocrx_word' id='word_1_560' title='bbox 1353 758 1568 813; x_wconf 84' lang='lat' dir='ltr'>supergreffi.</span> <span class='ocrx_word' id='word_1_561' title='bbox 1596 759 1776 801; x_wconf 69' lang='lat' dir='ltr'>Praeterea,</span> <span class='ocrx_word' id='word_1_562' title='bbox 1789 772 1994 799; x_wconf 82' lang='lat' dir='ltr'>autmutata</span> <span class='ocrx_word' id='word_1_563' title='bbox 2005 758 2092 800; x_wconf 80' lang='lat' dir='ltr'>esset</span> <span class='ocrx_word' id='word_1_564' title='bbox 2108 766 2200 801; x_wconf 86' lang='lat' dir='ltr'>ratio</span> 
     </span>
     <span class='ocr_line' id='line_1_75' title="bbox 1155 813 2201 870; baseline 0.007 -21"><span class='ocrx_word' id='word_1_565' title='bbox 1155 813 1366 851; x_wconf 87' lang='lat' dir='ltr'>numerandi</span> <span class='ocrx_word' id='word_1_566' title='bbox 1383 815 1461 867; x_wconf 86' lang='lat' dir='ltr'>post</span> <span class='ocrx_word' id='word_1_567' title='bbox 1471 814 1641 853; x_wconf 87' lang='lat' dir='ltr'>diluvium</span> <span class='ocrx_word' id='word_1_568' title='bbox 1654 844 1664 859; x_wconf 89' lang='lat'>,</span> <span class='ocrx_word' id='word_1_569' title='bbox 1686 818 1782 864; x_wconf 86' lang='lat' dir='ltr'>cujus</span> <span class='ocrx_word' id='word_1_570' title='bbox 1790 818 1842 854; x_wconf 91' lang='lat' dir='ltr'>rei</span> <span class='ocrx_word' id='word_1_571' title='bbox 1852 818 2039 870; x_wconf 82' lang='lat' dir='ltr'>vestigium</span> <span class='ocrx_word' id='word_1_572' title='bbox 2060 818 2201 856; x_wconf 82' lang='lat' dir='ltr'>nullum</span> 
     </span>
     <span class='ocr_line' id='line_1_76' title="bbox 1153 867 2207 920; baseline 0.005 -15"><span class='ocrx_word' id='word_1_573' title='bbox 1153 880 1308 920; x_wconf 80' lang='lat' dir='ltr'>apparet,</span> <span class='ocrx_word' id='word_1_574' title='bbox 1331 870 1424 909; x_wconf 85' lang='lat' dir='ltr'>autfi</span> <span class='ocrx_word' id='word_1_575' title='bbox 1441 883 1620 908; x_wconf 91' lang='lat' dir='ltr'>annorum</span> <span class='ocrx_word' id='word_1_576' title='bbox 1636 869 1787 910; x_wconf 82' lang='lat' dir='ltr'>calculus</span> <span class='ocrx_word' id='word_1_577' title='bbox 1804 871 1849 909; x_wconf 86' lang='lat' dir='ltr'>fic</span> <span class='ocrx_word' id='word_1_578' title='bbox 1858 867 1945 910; x_wconf 85' lang='lat' dir='ltr'>effet</span> <span class='ocrx_word' id='word_1_579' title='bbox 1965 872 2207 915; x_wconf 69' lang='lat' dir='ltr'>reducendus,</span> 
     </span>
     <span class='ocr_line' id='line_1_77' title="bbox 1152 920 2198 980; baseline 0.007 -21"><span class='ocrx_word' id='word_1_580' title='bbox 1152 923 1341 962; x_wconf 88' lang='lat' dir='ltr'>ridiculum</span> <span class='ocrx_word' id='word_1_581' title='bbox 1352 920 1441 963; x_wconf 86' lang='lat' dir='ltr'>effet</span> <span class='ocrx_word' id='word_1_582' title='bbox 1452 924 1550 976; x_wconf 90' lang='lat' dir='ltr'>quod</span> <span class='ocrx_word' id='word_1_583' title='bbox 1561 925 1604 963; x_wconf 89' lang='lat' dir='ltr'>de</span> <span class='ocrx_word' id='word_1_584' title='bbox 1617 925 1822 965; x_wconf 83' lang='lat' dir='ltr'>Abrahamo</span> <span class='ocrx_word' id='word_1_585' title='bbox 1832 928 2004 979; x_wconf 82' lang='lat' dir='ltr'>Scriptura</span> <span class='ocrx_word' id='word_1_586' title='bbox 2013 929 2109 968; x_wconf 88' lang='lat' dir='ltr'>dicit,</span> <span class='ocrx_word' id='word_1_587' title='bbox 2119 928 2198 980; x_wconf 80' lang='lat' dir='ltr'>ple-</span> 
     </span>
     <span class='ocr_line' id='line_1_78' title="bbox 1152 978 2197 1021; baseline 0.005 -6"><span class='ocrx_word' id='word_1_588' title='bbox 1152 991 1243 1016; x_wconf 87' lang='lat' dir='ltr'>num</span> <span class='ocrx_word' id='word_1_589' title='bbox 1252 979 1308 1017; x_wconf 89' lang='lat' dir='ltr'>vel</span> <span class='ocrx_word' id='word_1_590' title='bbox 1317 978 1470 1018; x_wconf 70' lang='lat' dir='ltr'>saturum</span> <span class='ocrx_word' id='word_1_591' title='bbox 1481 979 1675 1021; x_wconf 88' lang='lat' dir='ltr'>dierum,in</span> <span class='ocrx_word' id='word_1_592' title='bbox 1686 979 1784 1019; x_wconf 90' lang='lat' dir='ltr'>bona</span> <span class='ocrx_word' id='word_1_593' title='bbox 1792 980 1970 1020; x_wconf 61' lang='lat' dir='ltr'>senectute</span> <span class='ocrx_word' id='word_1_594' title='bbox 1982 982 2081 1019; x_wconf 90' lang='lat' dir='ltr'>diem</span> <span class='ocrx_word' id='word_1_595' title='bbox 2092 982 2197 1020; x_wconf 91' lang='lat' dir='ltr'>obiis-</span> 
     </span>
     <span class='ocr_line' id='line_1_79' title="bbox 1152 1031 2196 1083; baseline 0.007 -14"><span class='ocrx_word' id='word_1_596' title='bbox 1152 1031 1196 1072; x_wconf 90' lang='lat' dir='ltr'>se,</span> <span class='ocrx_word' id='word_1_597' title='bbox 1211 1035 1365 1083; x_wconf 86' lang='lat' dir='ltr'>quicum</span> <span class='ocrx_word' id='word_1_598' title='bbox 1385 1047 1451 1082; x_wconf 85' lang='lat'>175.</span> <span class='ocrx_word' id='word_1_599' title='bbox 1463 1048 1576 1072; x_wconf 90' lang='lat' dir='ltr'>annos</span> <span class='ocrx_word' id='word_1_600' title='bbox 1589 1036 1722 1077; x_wconf 82' lang='lat' dir='ltr'>vixerit,</span> <span class='ocrx_word' id='word_1_601' title='bbox 1734 1048 1895 1074; x_wconf 88' lang='lat' dir='ltr'>mortuus</span> <span class='ocrx_word' id='word_1_602' title='bbox 1906 1033 1994 1075; x_wconf 82' lang='lat' dir='ltr'>effet</span> <span class='ocrx_word' id='word_1_603' title='bbox 2002 1051 2099 1075; x_wconf 89' lang='lat' dir='ltr'>anno</span> <span class='ocrx_word' id='word_1_604' title='bbox 2112 1050 2196 1076; x_wconf 83' lang='lat' dir='ltr'>aeta-</span> 
     </span>
     <span class='ocr_line' id='line_1_80' title="bbox 1151 1086 2197 1141; baseline 0.008 -19"><span class='ocrx_word' id='word_1_605' title='bbox 1151 1088 1193 1123; x_wconf 88' lang='lat' dir='ltr'>tis</span> <span class='ocrx_word' id='word_1_606' title='bbox 1208 1086 1274 1124; x_wconf 85' lang='lat' dir='ltr'>suae</span> <span class='ocrx_word' id='word_1_607' title='bbox 1293 1093 1339 1124; x_wconf 84' lang='lat'>18.</span> <span class='ocrx_word' id='word_1_608' title='bbox 1351 1088 1519 1125; x_wconf 88' lang='lat' dir='ltr'>nondum</span> <span class='ocrx_word' id='word_1_609' title='bbox 1536 1090 1734 1141; x_wconf 89' lang='lat' dir='ltr'>completo.</span> <span class='ocrx_word' id='word_1_610' title='bbox 1755 1090 1823 1128; x_wconf 91' lang='lat' dir='ltr'>Sed</span> <span class='ocrx_word' id='word_1_611' title='bbox 1839 1104 2093 1129; x_wconf 90' lang='lat' dir='ltr'>commentum</span> <span class='ocrx_word' id='word_1_612' title='bbox 2108 1092 2197 1131; x_wconf 88' lang='lat' dir='ltr'>illud.</span> 
     </span>
     <span class='ocr_line' id='line_1_81' title="bbox 1147 1138 2223 1197; baseline 0.007 -20"><span class='ocrx_word' id='word_1_613' title='bbox 1147 1138 1252 1192; x_wconf 77' lang='lat' dir='ltr'>plane</span> <span class='ocrx_word' id='word_1_614' title='bbox 1265 1139 1404 1183; x_wconf 87' lang='lat' dir='ltr'>refellit,</span> <span class='ocrx_word' id='word_1_615' title='bbox 1425 1141 1524 1193; x_wconf 88' lang='lat' dir='ltr'>quod</span> <span class='ocrx_word' id='word_1_616' title='bbox 1532 1141 1622 1179; x_wconf 74' lang='lat' dir='ltr'>infra</span> <span class='ocrx_word' id='word_1_617' title='bbox 1633 1157 1708 1194; x_wconf 89' lang='lat' dir='ltr'>cap.</span> <span class='ocrx_word' id='word_1_618' title='bbox 1716 1157 1749 1188; x_wconf 93' lang='lat'>7.</span> <span class='ocrx_word' id='word_1_619' title='bbox 1759 1144 1822 1181; x_wconf 90' lang='lat' dir='ltr'>illo</span> <span class='ocrx_word' id='word_1_620' title='bbox 1833 1159 1930 1182; x_wconf 86' lang='lat' dir='ltr'>anno</span> <span class='ocrx_word' id='word_1_621' title='bbox 1940 1160 2011 1197; x_wconf 91' lang='lat' dir='ltr'>quo</span> <span class='ocrx_word' id='word_1_622' title='bbox 2022 1147 2196 1185; x_wconf 85' lang='lat' dir='ltr'>diluvium</span> <span class='ocrx_word' id='word_1_623' title='bbox 2219 1154 2223 1158; x_wconf 86' lang='lat'><em>&#39;</em></span> 
     </span>
     <span class='ocr_line' id='line_1_82' title="bbox 1148 1194 2194 1250; baseline 0.009 -18"><span class='ocrx_word' id='word_1_624' title='bbox 1148 1194 1303 1236; x_wconf 84' lang='lat' dir='ltr'>duravit,</span> <span class='ocrx_word' id='word_1_625' title='bbox 1323 1208 1557 1235; x_wconf 86' lang='lat' dir='ltr'>numerantur</span> <span class='ocrx_word' id='word_1_626' title='bbox 1573 1196 1712 1235; x_wconf 85' lang='lat' dir='ltr'>menses</span> <span class='ocrx_word' id='word_1_627' title='bbox 1739 1197 1845 1250; x_wconf 83' lang='lat' dir='ltr'>usque</span> <span class='ocrx_word' id='word_1_628' title='bbox 1862 1200 1907 1236; x_wconf 87' lang='lat' dir='ltr'>ad</span> <span class='ocrx_word' id='word_1_629' title='bbox 1927 1201 2108 1238; x_wconf 88' lang='lat' dir='ltr'>decimum</span> <span class='ocrx_word' id='word_1_630' title='bbox 2121 1226 2129 1241; x_wconf 87' lang='lat'>‚</span> <span class='ocrx_word' id='word_1_631' title='bbox 2158 1208 2194 1240; x_wconf 84' lang='lat'>&amp;</span> 
     </span>
     <span class='ocr_line' id='line_1_83' title="bbox 1146 1249 2195 1307; baseline 0.007 -20"><span class='ocrx_word' id='word_1_632' title='bbox 1146 1250 1276 1288; x_wconf 84' lang='lat' dir='ltr'>menfis</span> <span class='ocrx_word' id='word_1_633' title='bbox 1285 1249 1428 1290; x_wconf 89' lang='lat' dir='ltr'>secundi</span> <span class='ocrx_word' id='word_1_634' title='bbox 1443 1251 1514 1288; x_wconf 91' lang='lat' dir='ltr'>diei</span> <span class='ocrx_word' id='word_1_635' title='bbox 1522 1264 1576 1296; x_wconf 84' lang='lat'>27.</span> <span class='ocrx_word' id='word_1_636' title='bbox 1585 1249 1627 1289; x_wconf 89' lang='lat' dir='ltr'>fit</span> <span class='ocrx_word' id='word_1_637' title='bbox 1639 1254 1793 1290; x_wconf 86' lang='lat' dir='ltr'>mentio.</span> <span class='ocrx_word' id='word_1_638' title='bbox 1811 1253 1923 1295; x_wconf 68' lang='lat' dir='ltr'>‚Unde</span> <span class='ocrx_word' id='word_1_639' title='bbox 1932 1253 2009 1292; x_wconf 77' lang='lat' dir='ltr'>satis</span> <span class='ocrx_word' id='word_1_640' title='bbox 2017 1268 2195 1307; x_wconf 61' lang='lat' dir='ltr'>patenan«</span> 
     </span>
     <span class='ocr_line' id='line_1_84' title="bbox 1147 1303 2193 1362; baseline 0.007 -20"><span class='ocrx_word' id='word_1_641' title='bbox 1147 1318 1214 1343; x_wconf 88' lang='lat' dir='ltr'>nos</span> <span class='ocrx_word' id='word_1_642' title='bbox 1228 1305 1308 1344; x_wconf 87' lang='lat' dir='ltr'>illos</span> <span class='ocrx_word' id='word_1_643' title='bbox 1324 1308 1403 1345; x_wconf 88' lang='lat' dir='ltr'>vitae</span> <span class='ocrx_word' id='word_1_644' title='bbox 1419 1310 1563 1346; x_wconf 81' lang='lat' dir='ltr'>Panum</span> <span class='ocrx_word' id='word_1_645' title='bbox 1576 1330 1586 1348; x_wconf 82' lang='lat'><strong>&gt;</strong></span> <span class='ocrx_word' id='word_1_646' title='bbox 1607 1308 1732 1346; x_wconf 88' lang='lat' dir='ltr'>nostris</span> <span class='ocrx_word' id='word_1_647' title='bbox 1747 1303 1851 1347; x_wconf 85' lang='lat' dir='ltr'>fuisse</span> <span class='ocrx_word' id='word_1_648' title='bbox 1867 1321 2059 1362; x_wconf 82' lang='lat' dir='ltr'>pares,·aut</span> <span class='ocrx_word' id='word_1_649' title='bbox 2069 1313 2193 1350; x_wconf 77' lang='lat' dir='ltr'>omnia</span> 
     </span>
     <span class='ocr_line' id='line_1_85' title="bbox 1147 1357 1465 1400; baseline 0 -1"><span class='ocrx_word' id='word_1_650' title='bbox 1147 1357 1465 1400; x_wconf 87' lang='lat' dir='ltr'>confunderentur.</span> 
     </span>
    </p>

    <p class='ocr_par' dir='ltr' id='par_1_24' title="bbox 1139 1414 2192 2184">
     <span class='ocr_line' id='line_1_86' title="bbox 1188 1414 2192 1473; baseline 0.005 -17"><span class='ocrx_word' id='word_1_651' title='bbox 1188 1414 1271 1456; x_wconf 67' lang='lat' dir='ltr'>&#39;Cur</span> <span class='ocrx_word' id='word_1_652' title='bbox 1279 1429 1403 1456; x_wconf 90' lang='lat' dir='ltr'>autem</span> <span class='ocrx_word' id='word_1_653' title='bbox 1412 1419 1451 1455; x_wconf 91' lang='lat' dir='ltr'>in</span> <span class='ocrx_word' id='word_1_654' title='bbox 1461 1429 1558 1456; x_wconf 86' lang='lat' dir='ltr'>tanta</span> <span class='ocrx_word' id='word_1_655' title='bbox 1567 1416 1761 1456; x_wconf 89' lang='lat' dir='ltr'>hominum</span> <span class='ocrx_word' id='word_1_656' title='bbox 1770 1418 2011 1473; x_wconf 83' lang='lat' dir='ltr'>longaevitate,</span> <span class='ocrx_word' id='word_1_657' title='bbox 2021 1420 2066 1459; x_wconf 76' lang='lat' dir='ltr'>ad</span> <span class='ocrx_word' id='word_1_658' title='bbox 2074 1421 2192 1461; x_wconf 86' lang='lat' dir='ltr'>mille-</span> 
     </span>
     <span class='ocr_line' id='line_1_87' title="bbox 1143 1470 2190 1526; baseline 0.007 -18"><span class='ocrx_word' id='word_1_659' title='bbox 1143 1470 1390 1525; x_wconf 83' lang='lat' dir='ltr'>fimumusque</span> <span class='ocrx_word' id='word_1_660' title='bbox 1406 1472 1882 1526; x_wconf 81' lang='lat' dir='ltr'>annumnulluspervenerit,</span> <span class='ocrx_word' id='word_1_661' title='bbox 1901 1476 1916 1522; x_wconf 86' lang='grc'>&lt;</span> <span class='ocrx_word' id='word_1_662' title='bbox 1926 1475 2074 1514; x_wconf 86' lang='lat' dir='ltr'>deerant</span> <span class='ocrx_word' id='word_1_663' title='bbox 2091 1479 2190 1515; x_wconf 89' lang='lat' dir='ltr'>enim</span> 
     </span>
     <span class='ocr_line' id='line_1_88' title="bbox 1140 1525 2188 1584; baseline 0.005 -20"><span class='ocrx_word' id='word_1_664' title='bbox 1140 1525 1348 1577; x_wconf 74' lang='lat' dir='ltr'>Mathusalae</span> <span class='ocrx_word' id='word_1_665' title='bbox 1363 1541 1422 1577; x_wconf 83' lang='lat'>49.</span> <span class='ocrx_word' id='word_1_666' title='bbox 1440 1530 1526 1566; x_wconf 88' lang='lat' dir='ltr'>anni</span> <span class='ocrx_word' id='word_1_667' title='bbox 1543 1528 1589 1566; x_wconf 90' lang='lat' dir='ltr'>ad</span> <span class='ocrx_word' id='word_1_668' title='bbox 1613 1542 1807 1567; x_wconf 89' lang='lat' dir='ltr'>numerum</span> <span class='ocrx_word' id='word_1_669' title='bbox 1823 1529 1934 1568; x_wconf 81' lang='lat' dir='ltr'>illum·</span> <span class='ocrx_word' id='word_1_670' title='bbox 1946 1531 2188 1584; x_wconf 85' lang='lat' dir='ltr'>implendum)</span> 
     </span>
     <span class='ocr_line' id='line_1_89' title="bbox 1142 1583 2188 1636; baseline 0.008 -18"><span class='ocrx_word' id='word_1_671' title='bbox 1142 1594 1197 1619; x_wconf 88' lang='lat' dir='ltr'>res</span> <span class='ocrx_word' id='word_1_672' title='bbox 1205 1583 1377 1636; x_wconf 88' lang='lat' dir='ltr'>mysterio</span> <span class='ocrx_word' id='word_1_673' title='bbox 1387 1597 1505 1622; x_wconf 86' lang='lat' dir='ltr'>carere</span> <span class='ocrx_word' id='word_1_674' title='bbox 1513 1597 1591 1621; x_wconf 90' lang='lat' dir='ltr'>non</span> <span class='ocrx_word' id='word_1_675' title='bbox 1602 1583 1749 1623; x_wconf 87' lang='lat' dir='ltr'>videtur.</span> <span class='ocrx_word' id='word_1_676' title='bbox 1756 1584 1873 1632; x_wconf 88' lang='lat' dir='ltr'>Quale</span> <span class='ocrx_word' id='word_1_677' title='bbox 1883 1597 2005 1623; x_wconf 90' lang='lat' dir='ltr'>autem</span> <span class='ocrx_word' id='word_1_678' title='bbox 2016 1586 2102 1624; x_wconf 87' lang='lat' dir='ltr'>illud</span> <span class='ocrx_word' id='word_1_679' title='bbox 2111 1586 2188 1626; x_wconf 87' lang='lat' dir='ltr'>fue·</span> 
     </span>
     <span class='ocr_line' id='line_1_90' title="bbox 1143 1636 2188 1692; baseline 0.008 -19"><span class='ocrx_word' id='word_1_680' title='bbox 1143 1637 1189 1674; x_wconf 91' lang='lat' dir='ltr'>rit</span> <span class='ocrx_word' id='word_1_681' title='bbox 1199 1661 1207 1676; x_wconf 80' lang='lat'>‚</span> <span class='ocrx_word' id='word_1_682' title='bbox 1225 1636 1351 1675; x_wconf 87' lang='lat' dir='ltr'>malim</span> <span class='ocrx_word' id='word_1_683' title='bbox 1374 1640 1459 1676; x_wconf 89' lang='lat' dir='ltr'>Deo</span> <span class='ocrx_word' id='word_1_684' title='bbox 1483 1638 1683 1690; x_wconf 86' lang='lat' dir='ltr'>relinquere</span> <span class='ocrx_word' id='word_1_685' title='bbox 1694 1663 1703 1680; x_wconf 94' lang='lat'>,</span> <span class='ocrx_word' id='word_1_686' title='bbox 1733 1637 1842 1692; x_wconf 66' lang='lat' dir='ltr'>qu&#39;am</span> <span class='ocrx_word' id='word_1_687' title='bbox 1866 1643 2004 1679; x_wconf 79' lang='lat' dir='ltr'>temere</span> <span class='ocrx_word' id='word_1_688' title='bbox 2029 1640 2188 1681; x_wconf 87' lang='lat' dir='ltr'>definire.</span> 
     </span>
     <span class='ocr_line' id='line_1_91' title="bbox 1146 1689 2187 1750; baseline 0.008 -22"><span class='ocrx_word' id='word_1_689' title='bbox 1146 1689 1265 1750; x_wconf 76' lang='lat' dir='ltr'>Qd</span> <span class='ocrx_word' id='word_1_690' title='bbox 1277 1693 1378 1730; x_wconf 88' lang='lat' dir='ltr'>enim</span> <span class='ocrx_word' id='word_1_691' title='bbox 1389 1692 1554 1730; x_wconf 90' lang='lat' dir='ltr'>nonnulli</span> <span class='ocrx_word' id='word_1_692' title='bbox 1563 1691 1728 1735; x_wconf 82' lang='lat' dir='ltr'>afferunt,</span> <span class='ocrx_word' id='word_1_693' title='bbox 1739 1694 1840 1732; x_wconf 87' lang='lat' dir='ltr'>mille</span> <span class='ocrx_word' id='word_1_694' title='bbox 1848 1709 1961 1734; x_wconf 88' lang='lat' dir='ltr'>annos</span> <span class='ocrx_word' id='word_1_695' title='bbox 1969 1710 2093 1734; x_wconf 87' lang='lat' dir='ltr'>coram</span> <span class='ocrx_word' id='word_1_696' title='bbox 2103 1700 2187 1736; x_wconf 89' lang='lat' dir='ltr'>Deo</span> 
     </span>
     <span class='ocr_line' id='line_1_92' title="bbox 1145 1745 2186 1800; baseline 0.004 -15"><span class='ocrx_word' id='word_1_697' title='bbox 1145 1745 1216 1785; x_wconf 88' lang='lat' dir='ltr'>esse</span> <span class='ocrx_word' id='word_1_698' title='bbox 1240 1746 1336 1784; x_wconf 90' lang='lat' dir='ltr'>velut</span> <span class='ocrx_word' id='word_1_699' title='bbox 1354 1745 1453 1783; x_wconf 85' lang='lat' dir='ltr'>diem</span> <span class='ocrx_word' id='word_1_700' title='bbox 1463 1760 1589 1788; x_wconf 78' lang='lat' dir='ltr'>unum,</span> <span class='ocrx_word' id='word_1_701' title='bbox 1607 1759 1646 1786; x_wconf 91' lang='lat' dir='ltr'>ut</span> <span class='ocrx_word' id='word_1_702' title='bbox 1656 1760 1745 1800; x_wconf 89' lang='lat' dir='ltr'>ergo</span> <span class='ocrx_word' id='word_1_703' title='bbox 1754 1750 1880 1787; x_wconf 86' lang='lat' dir='ltr'>veritas</span> <span class='ocrx_word' id='word_1_704' title='bbox 1889 1754 2186 1789; x_wconf 83' lang='lat' dir='ltr'>comminationis</span> 
     </span>
     <span class='ocr_line' id='line_1_93' title="bbox 1144 1799 2186 1857; baseline 0.005 -20"><span class='ocrx_word' id='word_1_705' title='bbox 1144 1801 1269 1840; x_wconf 83' lang='lat' dir='ltr'>divinae</span> <span class='ocrx_word' id='word_1_706' title='bbox 1286 1800 1410 1838; x_wconf 87' lang='lat' dir='ltr'>locum</span> <span class='ocrx_word' id='word_1_707' title='bbox 1418 1799 1586 1842; x_wconf 79' lang='lat' dir='ltr'>haberet,</span> <span class='ocrx_word' id='word_1_708' title='bbox 1607 1815 1676 1853; x_wconf 83' lang='lat' dir='ltr'>qua</span> <span class='ocrx_word' id='word_1_709' title='bbox 1693 1802 1759 1839; x_wconf 89' lang='lat' dir='ltr'>illo</span> <span class='ocrx_word' id='word_1_710' title='bbox 1768 1802 1842 1854; x_wconf 89' lang='lat' dir='ltr'>ipso</span> <span class='ocrx_word' id='word_1_711' title='bbox 1860 1803 1893 1840; x_wconf 87' lang='lat' dir='ltr'>d&#39;</span> <span class='ocrx_word' id='word_1_712' title='bbox 1927 1817 2026 1841; x_wconf 87' lang='lat' dir='ltr'>mors</span> <span class='ocrx_word' id='word_1_713' title='bbox 2043 1804 2186 1857; x_wconf 78' lang='lat' dir='ltr'>homini</span> 
     </span>
     <span class='ocr_line' id='line_1_94' title="bbox 1143 1817 2185 1910; baseline 0.004 -17"><span class='ocrx_word' id='word_1_714' title='bbox 1143 1856 1357 1894; x_wconf 86' lang='lat' dir='ltr'>denunciata</span> <span class='ocrx_word' id='word_1_715' title='bbox 1366 1866 1452 1896; x_wconf 88' lang='lat' dir='ltr'>erat,</span> <span class='ocrx_word' id='word_1_716' title='bbox 1462 1868 1535 1907; x_wconf 90' lang='lat' dir='ltr'>quo</span> <span class='ocrx_word' id='word_1_717' title='bbox 1544 1868 1719 1908; x_wconf 86' lang='lat' dir='ltr'>peccaret,</span> <span class='ocrx_word' id='word_1_718' title='bbox 1735 1817 2045 1910; x_wconf 51' lang='lat' dir='ltr'>constarggpoffin</span> <span class='ocrx_word' id='word_1_719' title='bbox 2069 1860 2185 1898; x_wconf 81' lang='lat' dir='ltr'>detr&#39;a-</span> 
     </span>
     <span class='ocr_line' id='line_1_95' title="bbox 1142 1905 2182 1963; baseline 0.007 -17"><span class='ocrx_word' id='word_1_720' title='bbox 1142 1912 1218 1949; x_wconf 70' lang='lat' dir='ltr'>Ctos</span> <span class='ocrx_word' id='word_1_721' title='bbox 1233 1905 1336 1948; x_wconf 72' lang='lat' dir='ltr'>fuifl&#39;e</span> <span class='ocrx_word' id='word_1_722' title='bbox 1352 1910 1397 1948; x_wconf 90' lang='lat' dir='ltr'>de</span> <span class='ocrx_word' id='word_1_723' title='bbox 1405 1909 1469 1947; x_wconf 78' lang='lat' dir='ltr'>ilio</span> <span class='ocrx_word' id='word_1_724' title='bbox 1486 1909 1544 1948; x_wconf 85' lang='lat' dir='ltr'>dle</span> <span class='ocrx_word' id='word_1_725' title='bbox 1563 1924 1677 1948; x_wconf 86' lang='lat' dir='ltr'>annos</span> <span class='ocrx_word' id='word_1_726' title='bbox 1693 1911 1849 1963; x_wconf 77' lang='lat' dir='ltr'>aliquot3</span> <span class='ocrx_word' id='word_1_727' title='bbox 1865 1911 1904 1949; x_wconf 86' lang='lat' dir='ltr'>id</span> <span class='ocrx_word' id='word_1_728' title='bbox 1914 1911 2014 1950; x_wconf 75' lang='lat' dir='ltr'>valde</span> <span class='ocrx_word' id='word_1_729' title='bbox 2030 1913 2182 1953; x_wconf 89' lang='lat' dir='ltr'>dilutum</span> 
     </span>
     <span class='ocr_line' id='line_1_96' title="bbox 1141 1963 2182 2019; baseline 0.005 -17"><span class='ocrx_word' id='word_1_730' title='bbox 1141 1965 1202 2005; x_wconf 91' lang='lat' dir='ltr'>est,</span> <span class='ocrx_word' id='word_1_731' title='bbox 1213 1968 1247 2000; x_wconf 90' lang='lat'><strong>&amp;</strong></span> <span class='ocrx_word' id='word_1_732' title='bbox 1256 1963 1360 2001; x_wconf 76' lang='lat' dir='ltr'>antea</span> <span class='ocrx_word' id='word_1_733' title='bbox 1368 1964 1388 2001; x_wconf 78' lang='grc' dir='ltr'>ὲ</span> <span class='ocrx_word' id='word_1_734' title='bbox 1397 1964 1503 2002; x_wconf 89' lang='lat' dir='ltr'>nobis</span> <span class='ocrx_word' id='word_1_735' title='bbox 1510 1963 1715 2004; x_wconf 89' lang='lat' dir='ltr'>refutatum.</span> <span class='ocrx_word' id='word_1_736' title='bbox 1745 1966 1824 2003; x_wconf 83' lang='lat' dir='ltr'>Plus</span> <span class='ocrx_word' id='word_1_737' title='bbox 1832 1965 1942 2005; x_wconf 88' lang='lat' dir='ltr'>habet</span> <span class='ocrx_word' id='word_1_738' title='bbox 1949 1968 2182 2019; x_wconf 76' lang='lat' dir='ltr'>probabilita-</span> 
     </span>
     <span class='ocr_line' id='line_1_97' title="bbox 1141 2018 2181 2070; baseline 0.005 -13"><span class='ocrx_word' id='word_1_739' title='bbox 1141 2021 1183 2057; x_wconf 79' lang='lat' dir='ltr'>tis</span> <span class='ocrx_word' id='word_1_740' title='bbox 1193 2043 1202 2060; x_wconf 91' lang='lat'><strong><em>‚</em></strong></span> <span class='ocrx_word' id='word_1_741' title='bbox 1225 2018 1325 2070; x_wconf 88' lang='lat' dir='ltr'>quod</span> <span class='ocrx_word' id='word_1_742' title='bbox 1332 2021 1431 2058; x_wconf 75' lang='lat' dir='ltr'>Deus</span> <span class='ocrx_word' id='word_1_743' title='bbox 1442 2019 1628 2058; x_wconf 89' lang='lat' dir='ltr'>ostendere</span> <span class='ocrx_word' id='word_1_744' title='bbox 1638 2021 1801 2061; x_wconf 89' lang='lat' dir='ltr'>voluerit,</span> <span class='ocrx_word' id='word_1_745' title='bbox 1814 2023 1923 2059; x_wconf 91' lang='lat' dir='ltr'>etiam</span> <span class='ocrx_word' id='word_1_746' title='bbox 1933 2022 2089 2061; x_wconf 88' lang='lat' dir='ltr'>hominis</span> <span class='ocrx_word' id='word_1_747' title='bbox 2099 2024 2181 2062; x_wconf 89' lang='lat' dir='ltr'>lon-</span> 
     </span>
     <span class='ocr_line' id='line_1_98' title="bbox 1139 2072 2179 2128; baseline 0.006 -17"><span class='ocrx_word' id='word_1_748' title='bbox 1139 2086 1278 2128; x_wconf 83' lang='lat' dir='ltr'>gaevam</span> <span class='ocrx_word' id='word_1_749' title='bbox 1297 2074 1427 2114; x_wconf 89' lang='lat' dir='ltr'>vitam,</span> <span class='ocrx_word' id='word_1_750' title='bbox 1447 2074 1548 2126; x_wconf 86' lang='lat' dir='ltr'>ipfius</span> <span class='ocrx_word' id='word_1_751' title='bbox 1563 2076 1635 2112; x_wconf 91' lang='lat' dir='ltr'>Dei</span> <span class='ocrx_word' id='word_1_752' title='bbox 1645 2074 1800 2128; x_wconf 66' lang='lat' dir='ltr'>respectu</span> <span class='ocrx_word' id='word_1_753' title='bbox 1811 2100 1820 2117; x_wconf 89' lang='lat'>,</span> <span class='ocrx_word' id='word_1_754' title='bbox 1841 2072 1913 2114; x_wconf 84' lang='lat' dir='ltr'>effe</span> <span class='ocrx_word' id='word_1_755' title='bbox 1929 2076 2179 2121; x_wconf 74' lang='lat' dir='ltr'>brevissimam,</span> 
     </span>
     <span class='ocr_line' id='line_1_99' title="bbox 1140 2129 2181 2184; baseline 0.005 -17"><span class='ocrx_word' id='word_1_756' title='bbox 1140 2142 1217 2182; x_wconf 86' lang='lat' dir='ltr'>quae</span> <span class='ocrx_word' id='word_1_757' title='bbox 1230 2142 1277 2166; x_wconf 90' lang='lat' dir='ltr'>ne</span> <span class='ocrx_word' id='word_1_758' title='bbox 1289 2129 1437 2179; x_wconf 89' lang='lat' dir='ltr'>quidem</span> <span class='ocrx_word' id='word_1_759' title='bbox 1450 2131 1644 2182; x_wconf 87' lang='lat' dir='ltr'>attingeret</span> <span class='ocrx_word' id='word_1_760' title='bbox 1655 2129 1817 2182; x_wconf 86' lang='lat' dir='ltr'>spatium,</span> <span class='ocrx_word' id='word_1_761' title='bbox 1846 2131 1943 2182; x_wconf 87' lang='lat' dir='ltr'>quod</span> <span class='ocrx_word' id='word_1_762' title='bbox 1953 2133 2045 2184; x_wconf 88' lang='lat' dir='ltr'>apud</span> <span class='ocrx_word' id='word_1_763' title='bbox 2056 2136 2181 2172; x_wconf 88' lang='lat' dir='ltr'>Deum</span> 
     </span>
    </p>
   </div>
   <div class='ocr_carea' id='block_1_16' title="bbox 1119 2182 2180 2239">
    <p class='ocr_par' dir='ltr' id='par_1_25' title="bbox 1119 2182 2180 2239">
     <span class='ocr_line' id='line_1_100' title="bbox 1119 2182 2180 2239; baseline 0.009 -23"><span class='ocrx_word' id='word_1_764' title='bbox 1119 2210 1127 2216; x_wconf 85' lang='lat'><strong>.</strong></span> <span class='ocrx_word' id='word_1_765' title='bbox 1137 2185 1341 2221; x_wconf 74' lang='lat' dir='ltr'>aeternl&#39;tatls</span> <span class='ocrx_word' id='word_1_766' title='bbox 1351 2182 1523 2233; x_wconf 69' lang='lat' dir='ltr'>respestu,</span> <span class='ocrx_word' id='word_1_767' title='bbox 1531 2196 1644 2222; x_wconf 87' lang='lat' dir='ltr'>unum</span> <span class='ocrx_word' id='word_1_768' title='bbox 1655 2184 1753 2222; x_wconf 84' lang='lat' dir='ltr'>diem</span> <span class='ocrx_word' id='word_1_769' title='bbox 1763 2199 1838 2222; x_wconf 92' lang='lat' dir='ltr'>non</span> <span class='ocrx_word' id='word_1_770' title='bbox 1848 2185 2005 2228; x_wconf 85' lang='lat' dir='ltr'>absolvit,</span> <span class='ocrx_word' id='word_1_771' title='bbox 2017 2201 2088 2239; x_wconf 88' lang='lat' dir='ltr'>quo</span> <span class='ocrx_word' id='word_1_772' title='bbox 2103 2189 2180 2226; x_wconf 85' lang='lat' dir='ltr'>sen-</span> 
     </span>
    </p>
   </div>
   <div class='ocr_carea' id='block_1_17' title="bbox 1132 2236 2195 3120">
    <p class='ocr_par' dir='ltr' id='par_1_26' title="bbox 1132 2236 2195 3120">
     <span class='ocr_line' id='line_1_101' title="bbox 1138 2236 2180 2291; baseline 0.004 -16"><span class='ocrx_word' id='word_1_773' title='bbox 1138 2236 1173 2275; x_wconf 93' lang='lat' dir='ltr'>su</span> <span class='ocrx_word' id='word_1_774' title='bbox 1183 2236 1254 2289; x_wconf 90' lang='lat' dir='ltr'>ipse</span> <span class='ocrx_word' id='word_1_775' title='bbox 1269 2237 1379 2274; x_wconf 88' lang='lat' dir='ltr'>etiam</span> <span class='ocrx_word' id='word_1_776' title='bbox 1397 2238 1528 2276; x_wconf 89' lang='lat' dir='ltr'>Cicero</span> <span class='ocrx_word' id='word_1_777' title='bbox 1545 2236 1606 2274; x_wconf 87' lang='lat' dir='ltr'>lib.</span> <span class='ocrx_word' id='word_1_778' title='bbox 1622 2251 1646 2276; x_wconf 88' lang='lat'>1.</span> <span class='ocrx_word' id='word_1_779' title='bbox 1660 2237 1799 2278; x_wconf 90' lang='lat' dir='ltr'>Tuscul.</span> <span class='ocrx_word' id='word_1_780' title='bbox 1813 2241 1927 2291; x_wconf 87' lang='lat' dir='ltr'>quaest.</span> <span class='ocrx_word' id='word_1_781' title='bbox 1937 2243 2047 2281; x_wconf 89' lang='lat' dir='ltr'>vitam</span> <span class='ocrx_word' id='word_1_782' title='bbox 2059 2242 2180 2281; x_wconf 83' lang='lat' dir='ltr'>homi-</span> 
     </span>
     <span class='ocr_line' id='line_1_102' title="bbox 1138 2289 2179 2349; baseline 0.006 -19"><span class='ocrx_word' id='word_1_783' title='bbox 1138 2294 1190 2330; x_wconf 90' lang='lat' dir='ltr'>nis</span> <span class='ocrx_word' id='word_1_784' title='bbox 1198 2289 1444 2344; x_wconf 84' lang='lat' dir='ltr'>longiffimam</span> <span class='ocrx_word' id='word_1_785' title='bbox 1462 2304 1648 2345; x_wconf 88' lang='lat' dir='ltr'>comparat</span> <span class='ocrx_word' id='word_1_786' title='bbox 1655 2295 1734 2331; x_wconf 87' lang='lat' dir='ltr'>vitae</span> <span class='ocrx_word' id='word_1_787' title='bbox 1743 2293 1900 2333; x_wconf 88' lang='lat' dir='ltr'>bestiolae</span> <span class='ocrx_word' id='word_1_788' title='bbox 1909 2295 1999 2334; x_wconf 86' lang='lat' dir='ltr'>illius</span> <span class='ocrx_word' id='word_1_789' title='bbox 2008 2297 2179 2349; x_wconf 87' lang='lat' dir='ltr'>epheme-</span> 
     </span>
     <span class='ocr_line' id='line_1_103' title="bbox 1136 2344 2195 2402; baseline 0.006 -18"><span class='ocrx_word' id='word_1_790' title='bbox 1136 2361 1182 2385; x_wconf 83' lang='lat' dir='ltr'>ra:</span> <span class='ocrx_word' id='word_1_791' title='bbox 1191 2360 1268 2399; x_wconf 87' lang='lat' dir='ltr'>quae</span> <span class='ocrx_word' id='word_1_792' title='bbox 1277 2346 1325 2400; x_wconf 55' lang='lat' dir='ltr'>ad</span> <span class='ocrx_word' id='word_1_793' title='bbox 1339 2348 1540 2399; x_wconf 85' lang='lat' dir='ltr'>Hippanim</span> <span class='ocrx_word' id='word_1_794' title='bbox 1551 2344 1696 2386; x_wconf 84' lang='lat' dir='ltr'>fluvium</span> <span class='ocrx_word' id='word_1_795' title='bbox 1706 2348 1866 2391; x_wconf 86' lang='lat' dir='ltr'>nascitur,</span> <span class='ocrx_word' id='word_1_796' title='bbox 1881 2363 1961 2402; x_wconf 26' lang='lat' dir='ltr'>*quae</span> <span class='ocrx_word' id='word_1_797' title='bbox 1970 2352 1995 2389; x_wconf 87' lang='lat' dir='ltr'><strong>fi</strong></span> <span class='ocrx_word' id='word_1_798' title='bbox 2005 2354 2180 2394; x_wconf 86' lang='lat' dir='ltr'>moriatur</span> <span class='ocrx_word' id='word_1_799' title='bbox 2193 2359 2195 2361; x_wconf 85' lang='grc'><strong>’</strong></span> 
     </span>
     <span class='ocr_line' id='line_1_104' title="bbox 1138 2400 2176 2459; baseline 0.005 -19"><span class='ocrx_word' id='word_1_800' title='bbox 1138 2402 1327 2441; x_wconf 80' lang='lat' dir='ltr'>occidente</span> <span class='ocrx_word' id='word_1_801' title='bbox 1343 2400 1416 2440; x_wconf 90' lang='lat' dir='ltr'>sole</span> <span class='ocrx_word' id='word_1_802' title='bbox 1428 2426 1437 2443; x_wconf 77' lang='lat'>‚</span> <span class='ocrx_word' id='word_1_803' title='bbox 1457 2402 1637 2456; x_wconf 85' lang='lat' dir='ltr'>decrepita</span> <span class='ocrx_word' id='word_1_804' title='bbox 1648 2416 1792 2443; x_wconf 88' lang='lat' dir='ltr'>mortua</span> <span class='ocrx_word' id='word_1_805' title='bbox 1801 2406 1860 2443; x_wconf 91' lang='lat' dir='ltr'>est.</span> <span class='ocrx_word' id='word_1_806' title='bbox 1893 2406 2021 2458; x_wconf 87' lang='lat' dir='ltr'>Confer</span> <span class='ocrx_word' id='word_1_807' title='bbox 2031 2407 2176 2459; x_wconf 84' lang='lat' dir='ltr'>(inquit)</span> 
     </span>
     <span class='ocr_line' id='line_1_105' title="bbox 1136 2455 2176 2514; baseline 0.007 -20"><span class='ocrx_word' id='word_1_808' title='bbox 1136 2461 1290 2495; x_wconf 65' lang='lat' dir='ltr'>nostram</span> <span class='ocrx_word' id='word_1_809' title='bbox 1302 2455 1526 2507; x_wconf 77' lang='lat' dir='ltr'>longissimam</span> <span class='ocrx_word' id='word_1_810' title='bbox 1537 2470 1670 2496; x_wconf 74' lang='lat' dir='ltr'>atatem</span> <span class='ocrx_word' id='word_1_811' title='bbox 1687 2472 1768 2499; x_wconf 88' lang='lat' dir='ltr'>cum</span> <span class='ocrx_word' id='word_1_812' title='bbox 1775 2462 1965 2498; x_wconf 67' lang='lat' dir='ltr'>eternitate</span> <span class='ocrx_word' id='word_1_813' title='bbox 1975 2486 1984 2503; x_wconf 89' lang='lat'>,</span> <span class='ocrx_word' id='word_1_814' title='bbox 2007 2465 2046 2499; x_wconf 88' lang='lat' dir='ltr'>in</span> <span class='ocrx_word' id='word_1_815' title='bbox 2055 2473 2176 2514; x_wconf 78' lang='lat' dir='ltr'>eapro-</span> 
     </span>
     <span class='ocr_line' id='line_1_106' title="bbox 1156 2512 2089 2565; baseline 0.001 -13"><span class='ocrx_word' id='word_1_816' title='bbox 1156 2513 1316 2552; x_wconf 83' lang='lat' dir='ltr'>emodum</span> <span class='ocrx_word' id='word_1_817' title='bbox 1325 2523 1421 2550; x_wconf 79' lang='lat' dir='ltr'>atate</span> <span class='ocrx_word' id='word_1_818' title='bbox 1430 2526 1502 2565; x_wconf 79' lang='lat' dir='ltr'>qua</span> <span class='ocrx_word' id='word_1_819' title='bbox 1512 2514 1572 2551; x_wconf 63' lang='lat' dir='ltr'>illa</span> <span class='ocrx_word' id='word_1_820' title='bbox 1583 2512 1727 2565; x_wconf 64' lang='lat' dir='ltr'>bestiola,</span> <span class='ocrx_word' id='word_1_821' title='bbox 1741 2518 1956 2565; x_wconf 83' lang='lat' dir='ltr'>reperiemur.</span> <span class='ocrx_word' id='word_1_822' title='bbox 2086 2526 2089 2529; x_wconf 75' lang='grc'>’</span> 
     </span>
     <span class='ocr_line' id='line_1_107' title="bbox 1187 2566 2173 2623; baseline 0.003 -16"><span class='ocrx_word' id='word_1_823' title='bbox 1187 2566 1356 2607; x_wconf 79' lang='lat' dir='ltr'>Absolute</span> <span class='ocrx_word' id='word_1_824' title='bbox 1375 2579 1499 2606; x_wconf 88' lang='lat' dir='ltr'>tamen</span> <span class='ocrx_word' id='word_1_825' title='bbox 1507 2568 1705 2621; x_wconf 86' lang='lat' dir='ltr'>loquendo,</span> <span class='ocrx_word' id='word_1_826' title='bbox 1728 2573 1838 2608; x_wconf 88' lang='lat' dir='ltr'>etiam</span> <span class='ocrx_word' id='word_1_827' title='bbox 1849 2570 2052 2623; x_wconf 75' lang='lat' dir='ltr'>comparate</span> <span class='ocrx_word' id='word_1_828' title='bbox 2061 2571 2103 2609; x_wconf 86' lang='lat' dir='ltr'>ad</span> <span class='ocrx_word' id='word_1_829' title='bbox 2122 2570 2173 2610; x_wconf 82' lang='lat' dir='ltr'>se-</span> 
     </span>
     <span class='ocr_line' id='line_1_108' title="bbox 1136 2622 2172 2676; baseline 0.002 -14"><span class='ocrx_word' id='word_1_830' title='bbox 1136 2624 1281 2676; x_wconf 88' lang='lat' dir='ltr'>quentia</span> <span class='ocrx_word' id='word_1_831' title='bbox 1291 2634 1468 2675; x_wconf 90' lang='lat' dir='ltr'>tempora,</span> <span class='ocrx_word' id='word_1_832' title='bbox 1480 2622 1738 2676; x_wconf 80' lang='lat' dir='ltr'>longaeviffima</span> <span class='ocrx_word' id='word_1_833' title='bbox 1746 2623 1811 2663; x_wconf 86' lang='lat' dir='ltr'>fuit</span> <span class='ocrx_word' id='word_1_834' title='bbox 1819 2624 2010 2664; x_wconf 88' lang='lat' dir='ltr'>hominum</span> <span class='ocrx_word' id='word_1_835' title='bbox 2027 2626 2172 2665; x_wconf 89' lang='lat' dir='ltr'>illorum</span> 
     </span>
     <span class='ocr_line' id='line_1_109' title="bbox 1135 2679 2170 2733; baseline 0.002 -17"><span class='ocrx_word' id='word_1_836' title='bbox 1135 2681 1223 2721; x_wconf 87' lang='lat' dir='ltr'>vita,·</span> <span class='ocrx_word' id='word_1_837' title='bbox 1241 2691 1330 2731; x_wconf 82' lang='lat' dir='ltr'>quae,</span> <span class='ocrx_word' id='word_1_838' title='bbox 1344 2679 1470 2716; x_wconf 83' lang='lat' dir='ltr'>nostrae</span> <span class='ocrx_word' id='word_1_839' title='bbox 1489 2679 1630 2722; x_wconf 86' lang='lat' dir='ltr'>collata,</span> <span class='ocrx_word' id='word_1_840' title='bbox 1646 2694 1712 2732; x_wconf 89' lang='lat' dir='ltr'>pro</span> <span class='ocrx_word' id='word_1_841' title='bbox 1728 2679 1902 2718; x_wconf 88' lang='lat' dir='ltr'>miraculo</span> <span class='ocrx_word' id='word_1_842' title='bbox 1912 2679 2033 2718; x_wconf 86' lang='lat' dir='ltr'>haberi</span> <span class='ocrx_word' id='word_1_843' title='bbox 2043 2682 2170 2733; x_wconf 85' lang='lat' dir='ltr'>potest.</span> 
     </span>
     <span class='ocr_line' id='line_1_110' title="bbox 1134 2731 2171 2787; baseline 0 -14"><span class='ocrx_word' id='word_1_844' title='bbox 1134 2733 1380 2773; x_wconf 81' lang='lat' dir='ltr'>Nih1lom1&#39;nus</span> <span class='ocrx_word' id='word_1_845' title='bbox 1397 2731 1483 2772; x_wconf 87' lang='lat' dir='ltr'>cum</span> <span class='ocrx_word' id='word_1_846' title='bbox 1499 2733 1605 2773; x_wconf 86' lang='lat' dir='ltr'>fuerit</span> <span class='ocrx_word' id='word_1_847' title='bbox 1623 2748 1702 2773; x_wconf 88' lang='lat' dir='ltr'>tum</span> <span class='ocrx_word' id='word_1_848' title='bbox 1724 2735 1897 2774; x_wconf 81' lang='lat' dir='ltr'>ordinaria</span> <span class='ocrx_word' id='word_1_849' title='bbox 1908 2759 1917 2775; x_wconf 84' lang='lat'>,</span> <span class='ocrx_word' id='word_1_850' title='bbox 1939 2749 2014 2773; x_wconf 91' lang='lat' dir='ltr'>non</span> <span class='ocrx_word' id='word_1_851' title='bbox 2025 2737 2073 2773; x_wconf 88' lang='lat' dir='ltr'>est</span> <span class='ocrx_word' id='word_1_852' title='bbox 2084 2750 2171 2787; x_wconf 86' lang='lat' dir='ltr'>opus</span> 
     </span>
     <span class='ocr_line' id='line_1_111' title="bbox 1134 2788 2170 2832; baseline -0.002 -4"><span class='ocrx_word' id='word_1_853' title='bbox 1134 2802 1174 2829; x_wconf 79' lang='lat' dir='ltr'>ut</span> <span class='ocrx_word' id='word_1_854' title='bbox 1182 2790 1226 2828; x_wconf 90' lang='lat' dir='ltr'>ad</span> <span class='ocrx_word' id='word_1_855' title='bbox 1235 2789 1404 2828; x_wconf 85' lang='lat' dir='ltr'>miracula</span> <span class='ocrx_word' id='word_1_856' title='bbox 1413 2803 1495 2829; x_wconf 87' lang='lat' dir='ltr'>eam</span> <span class='ocrx_word' id='word_1_857' title='bbox 1504 2788 1707 2832; x_wconf 86' lang='lat' dir='ltr'>referamus,</span> <span class='ocrx_word' id='word_1_858' title='bbox 1728 2791 1790 2829; x_wconf 74' lang='lat' dir='ltr'>etii</span> <span class='ocrx_word' id='word_1_859' title='bbox 1798 2804 1874 2828; x_wconf 89' lang='lat' dir='ltr'>non</span> <span class='ocrx_word' id='word_1_860' title='bbox 1884 2790 2118 2828; x_wconf 87' lang='lat' dir='ltr'>dubitandum</span> <span class='ocrx_word' id='word_1_861' title='bbox 2129 2791 2170 2827; x_wconf 79' lang='lat' dir='ltr'>fit</span> 
     </span>
     <span class='ocr_line' id='line_1_112' title="bbox 1132 2840 2167 2899; baseline -0.005 -15"><span class='ocrx_word' id='word_1_862' title='bbox 1132 2845 1321 2899; x_wconf 85' lang='lat' dir='ltr'>specialem</span> <span class='ocrx_word' id='word_1_863' title='bbox 1336 2840 1407 2884; x_wconf 89' lang='lat' dir='ltr'>Dei</span> <span class='ocrx_word' id='word_1_864' title='bbox 1430 2845 1692 2898; x_wconf 87' lang='lat' dir='ltr'>providentiam</span> <span class='ocrx_word' id='word_1_865' title='bbox 1708 2846 1745 2883; x_wconf 85' lang='lat' dir='ltr'>id</span> <span class='ocrx_word' id='word_1_866' title='bbox 1762 2843 1964 2898; x_wconf 74' lang='lat' dir='ltr'>dispensasse</span> <span class='ocrx_word' id='word_1_867' title='bbox 1976 2870 1984 2886; x_wconf 84' lang='lat'><em>‚</em></span> <span class='ocrx_word' id='word_1_868' title='bbox 2009 2850 2042 2882; x_wconf 88' lang='lat'>&amp;</span> <span class='ocrx_word' id='word_1_869' title='bbox 2059 2846 2089 2880; x_wconf 88' lang='lat' dir='ltr'>vi</span> <span class='ocrx_word' id='word_1_870' title='bbox 2094 2857 2167 2880; x_wconf 78' lang='lat' dir='ltr'>tam</span> 
     </span>
     <span class='ocr_line' id='line_1_113' title="bbox 1133 2894 2164 2955; baseline -0.006 -16"><span class='ocrx_word' id='word_1_871' title='bbox 1133 2899 1341 2940; x_wconf 85' lang='lat' dir='ltr'>hominibus</span> <span class='ocrx_word' id='word_1_872' title='bbox 1351 2925 1360 2942; x_wconf 90' lang='lat'>‚</span> <span class='ocrx_word' id='word_1_873' title='bbox 1382 2900 1431 2938; x_wconf 93' lang='lat' dir='ltr'>ob</span> <span class='ocrx_word' id='word_1_874' title='bbox 1441 2900 1554 2939; x_wconf 79' lang='lat' dir='ltr'>causas</span> <span class='ocrx_word' id='word_1_875' title='bbox 1563 2900 1785 2955; x_wconf 83' lang='lat' dir='ltr'>graviffimas,</span> <span class='ocrx_word' id='word_1_876' title='bbox 1798 2913 1881 2938; x_wconf 91' lang='lat' dir='ltr'>tunc</span> <span class='ocrx_word' id='word_1_877' title='bbox 1892 2903 1941 2937; x_wconf 85' lang='lat' dir='ltr'>ita</span> <span class='ocrx_word' id='word_1_878' title='bbox 1949 2894 2164 2950; x_wconf 68' lang='lat' dir='ltr'>prorogasse.</span> 
     </span>
     <span class='ocr_line' id='line_1_114' title="bbox 1132 2950 2164 3014; baseline -0.01 -19"><span class='ocrx_word' id='word_1_879' title='bbox 1132 2956 1222 2995; x_wconf 90' lang='lat' dir='ltr'>Non</span> <span class='ocrx_word' id='word_1_880' title='bbox 1234 2958 1281 2994; x_wconf 88' lang='lat' dir='ltr'>est</span> <span class='ocrx_word' id='word_1_881' title='bbox 1289 2955 1393 3009; x_wconf 78' lang='lat' dir='ltr'>plane</span> <span class='ocrx_word' id='word_1_882' title='bbox 1403 2956 1514 2996; x_wconf 85' lang='lat' dir='ltr'>nihili,</span> <span class='ocrx_word' id='word_1_883' title='bbox 1527 2957 1625 3009; x_wconf 89' lang='lat' dir='ltr'>quod</span> <span class='ocrx_word' id='word_1_884' title='bbox 1633 2956 1777 3008; x_wconf 86' lang='lat' dir='ltr'>quidam</span> <span class='ocrx_word' id='word_1_885' title='bbox 1786 2966 1914 2991; x_wconf 86' lang='lat' dir='ltr'>notant</span> <span class='ocrx_word' id='word_1_886' title='bbox 1924 2953 1966 2989; x_wconf 93' lang='lat' dir='ltr'>de</span> <span class='ocrx_word' id='word_1_887' title='bbox 1978 2950 2094 2988; x_wconf 74' lang='lat' dir='ltr'>caussis</span> <span class='ocrx_word' id='word_1_888' title='bbox 2103 2959 2164 3014; x_wconf 51' lang='lat' dir='ltr'>na:</span> 
     </span>
     <span class='ocr_line' id='line_1_115' title="bbox 1134 3008 2164 3062; baseline -0.01 -12"><span class='ocrx_word' id='word_1_889' title='bbox 1134 3011 1300 3050; x_wconf 82' lang='lat' dir='ltr'>turalibus</span> <span class='ocrx_word' id='word_1_890' title='bbox 1312 3036 1321 3052; x_wconf 79' lang='grc'>,</span> <span class='ocrx_word' id='word_1_891' title='bbox 1352 3010 1516 3049; x_wconf 86' lang='lat' dir='ltr'>bonitate</span> <span class='ocrx_word' id='word_1_892' title='bbox 1535 3012 1795 3062; x_wconf 84' lang='lat' dir='ltr'>complexionis</span> <span class='ocrx_word' id='word_1_893' title='bbox 1814 3008 2004 3044; x_wconf 87' lang='lat' dir='ltr'>hominum</span> <span class='ocrx_word' id='word_1_894' title='bbox 2016 3028 2023 3042; x_wconf 83' lang='lat'>,</span> <span class='ocrx_word' id='word_1_895' title='bbox 2042 3015 2164 3040; x_wconf 82' lang='lat' dir='ltr'>natura</span> 
     </span>
     <span class='ocr_line' id='line_1_116' title="bbox 1132 3056 2164 3120; baseline -0.013 -15"><span class='ocrx_word' id='word_1_896' title='bbox 1132 3067 1243 3105; x_wconf 86' lang='lat' dir='ltr'>adhuc</span> <span class='ocrx_word' id='word_1_897' title='bbox 1254 3067 1380 3120; x_wconf 66' lang='lat' dir='ltr'>vegetii</span> <span class='ocrx_word' id='word_1_898' title='bbox 1393 3072 1426 3104; x_wconf 71' lang='grc' dir='ltr'>ὅ(</span> <span class='ocrx_word' id='word_1_899' title='bbox 1437 3066 1530 3117; x_wconf 86' lang='lat' dir='ltr'>quafi</span> <span class='ocrx_word' id='word_1_900' title='bbox 1537 3069 1574 3102; x_wconf 89' lang='lat' dir='ltr'>in</span> <span class='ocrx_word' id='word_1_901' title='bbox 1583 3066 1756 3116; x_wconf 78' lang='lat' dir='ltr'>principio</span> <span class='ocrx_word' id='word_1_902' title='bbox 1766 3062 1836 3101; x_wconf 83' lang='lat' dir='ltr'>su0;</span> <span class='ocrx_word' id='word_1_903' title='bbox 1854 3056 2048 3109; x_wconf 56' lang='lat' dir='ltr'>temperat&amp;</span> <span class='ocrx_word' id='word_1_904' title='bbox 2057 3058 2164 3095; x_wconf 62' lang='lat' dir='ltr'>vietus</span> 
     </span>
    </p>
   </div>
   <div class='ocr_carea' id='block_1_18' title="bbox 1132 3110 2165 3205">
    <p class='ocr_par' dir='ltr' id='par_1_27' title="bbox 1132 3110 2165 3205">
     <span class='ocr_line' id='line_1_117' title="bbox 1132 3110 2165 3205; baseline -0.01 -46"><span class='ocrx_word' id='word_1_905' title='bbox 1132 3124 1270 3180; x_wconf 78' lang='lat' dir='ltr'>ratione</span> <span class='ocrx_word' id='word_1_906' title='bbox 1281 3145 1291 3164; x_wconf 80' lang='lat'>‚</span> <span class='ocrx_word' id='word_1_907' title='bbox 1312 3135 1389 3174; x_wconf 85' lang='lat' dir='ltr'>quae</span> <span class='ocrx_word' id='word_1_908' title='bbox 1408 3121 1574 3159; x_wconf 88' lang='lat' dir='ltr'>nondum</span> <span class='ocrx_word' id='word_1_909' title='bbox 1590 3119 1715 3159; x_wconf 84' lang='lat' dir='ltr'>delitiis</span> <span class='ocrx_word' id='word_1_910' title='bbox 1732 3121 1766 3154; x_wconf 73' lang='grc' dir='ltr'>ὅ(</span> <span class='ocrx_word' id='word_1_911' title='bbox 1785 3110 2165 3205; x_wconf 52' lang='grc' dir='ltr'>[αρετῆαὶῑειῑὶὶέιίιεεξὲῗ</span> 
     </span>
     <span class='ocr_line' id='line_1_118' title="bbox 2152 3188 2161 3204; baseline 0 0"><span class='ocrx_word' id='word_1_912' title='bbox 2152 3188 2161 3204; x_wconf 67' lang='grc' dir='ltr'><em>ι</em></span> 
     </span>
    </p>
   </div>
  </div>
 </body>
</html>
