2411 3348
594 68 641 128 ¹E
676 95 766 127 xit
804 95 840 127 R
880 94 963 128 σπι
995 95 1025 126 τ
1061 91 1096 126 Α
1131 95 1162 127 τ
1196 96 1215 127 1
1255 96 1286 128 o
1355 82 1552 130 Lvm.

35 163 127 202 dum
152 160 331 217 pristinam
356 146 512 199 formam
535 148 818 193 accidentariam'
828 175 838 191 ‚
871 150 1043 204 replicant
1053 177 1063 195 ‚

36 219 146 259 qinon
155 214 223 269 effi,
237 215 287 256 rei
295 213 559 266 corruptionem
569 233 579 250 ,
606 222 683 247 non
699 207 939 246 accidentium
957 209 1064 245 varia-

34 276 179 312 tionem
197 278 339 311 notare,
353 267 417 308 :ob
432 278 540 318 quam
557 276 671 303 nemo
686 263 820 301 diceret
831 263 870 299 in
882 261 995 300 altero
1011 261 1062 300 se-

35 327 118 367 culo
127 324 358 377 nonamplius
364 321 442 361 fore
450 320 626 358 homines.
660 318 773 373 Qod
784 329 908 355 tamen
919 316 988 354 dici
999 317 1062 354 cle-

34 381 146 424 beret,
165 379 191 419 fi
197 377 395 418 extrinsecae
403 374 530 415 formae
539 375 705 415 mutatio,
716 387 784 411 non
791 371 848 424 effi
854 373 917 412 rei,
926 369 1059 425 fignifi-

34 430 139 475 caret.
167 436 261 488 Qa
267 431 556 471 immutabuntur
565 442 717 482 corpora
724 429 851 468 nostra,
864 431 899 465 δι
911 426 1063 465 redden-

35 501 91 530 tur
101 487 287 544 w'ptpoegcpx
303 490 429 541 corpori
438 485 725 537 Christiglqriosb.
737 483 821 522 Phil.
824 485 880 532 34&
885 482 957 520 .ult.

84 560 116 584 2.
143 547 194 584 Ex
204 544 554 592 Psal.102.y'l.26.27.&
567 545 619 578 28.
628 542 750 579 citant,
764 545 878 589 Opera
885 549 1061 575 manuum

32 599 372 651 tuarumsuntcaeli:
391 594 458 648 IPfi
468 593 653 646 peribunt,
678 606 720 632 m
735 604 856 632 autem
867 602 1057 643 permanen

34 655 80 704 ό·
95 669 207 695 omnes
217 653 312 706 ficut
322 653 573 703 vestimentum
589 649 825 699 veterastent,
846 647 893 693 ό·
898 645 994 698 ficut
1001 650 1057 684 in-

31 712 239 750 dumentusn
247 707 398 747 mutabis
411 719 470 746 eos,
476 704 770 752 &mutabuntun
776 708 835 740 Tu
841 713 961 740 autem
970 702 1061 740 idem

31 767 96 819 ipse
106 764 199 811 aa&
207 766 295 803 anni
305 765 363 801 tui
370 774 438 800 non
445 760 611 808 deficient.
618 759 759 813 Qubus
770 757 884 795 verbis
895 757 985 795 clare
995 771 1060 794 ex-

31 824 138 875 primi
157 831 284 873 putant
292 816 467 856 ccelorum
483 816 731 852 interitionem
748 819 782 852 ὃ(
797 811 1038 850 abolitionem
1049 835 1058 852 ‚

31 872 179 930 propter
185 869 501 913 manifestissimam
513 869 791 921 oppositionem:
804 873 1058 918 Tupermanes,

32 929 284 984 coeliperibunt.
317 927 414 981 Qa
423 927 474 962 uti
483 926 652 976 accipitur
659 922 963 973 &permaneredta
970 934 1059 973 quo-

33 1001 114 1040 que,
129 987 162 1023 vi
171 984 427 1023 contrariorum
437 1003 449 1020 ‚
467 980 579 1030 accipi
590 977 700 1016 debet
709 976 878 1027 viperire:
896 974 1061 1015 «sautem

24 1051 243 1092 permanere,
262 1034 430 1078 καὙέἀίοιν
438 1031 662 1086 potissimum
673 1033 853 1082 accipitur,
864 1032 974 1083 igitur
982 1035 1015 1067 &
1026 1030 1063 1067 το*

22 1098 145 1147 perire.
177 1092 291 1145 Qd
300 1085 636 1128 etiam'confirmant
645 1084 870 1138 sequentibus
878 1084 1002 1125 verbis,
1016 1082 1062 1128 ὠ·

29 1152 118 1188 anni
126 1150 183 1186 tui
190 1161 257 1185 non
264 1143 439 1194 deficient.
460 1156 505 1181 ex
514 1144 548 1179 vi
557 1144 656 1179 enim
668 1140 914 1192 oppositionis,
934 1151 1060 1177 ventu-

28 1217 109 1243 rum
126 1203 175 1241 est
192 1214 331 1254 tempus
351 1212 424 1250 quo
440 1195 610 1236 deficient
628 1198 712 1233 anni
729 1194 906 1232 coelorum
918 1217 926 1233 ,
947 1194 983 1231 id
994 1194 1054 1232 est»

24 1273 102 1312 quo
117 1256 199 1296 coeli
214 1269 291 1294 non
302 1265 405 1293 erunt
423 1251 583 1305 amplius.
609 1249 773 1288 Trahunt
780 1251 892 1287 etiam
903 1249 947 1286 ad
962 1248 994 1286 se
1005 1250 1059 1284 in-

29 1314 193 1353 dumenti
200 1309 440 1349 veterascentis
449 1306 717 1345 similitudinem
726 1332 736 1345 .
757 1306 838 1357 quia
847 1304 1059 1342 indumenta

29 1381 106 1421 quae
115 1365 341 1404 veterascunt,
353 1363 564 1412 abjiciuntur
572 1359 742 1412 tanquam
751 1359 878 1399 nullius
888 1358 973 1402 usus,
985 1359 1059 1397 aliis

29 1421 216 1461 substitutis
227 1420 337 1459 novis,
348 1431 422 1455 non
434 1415 606 1469 prioribus
615 1417 799 1453 innovatis.

40 1481 49 1492 '¹
82 1490 110 1523 3.
139 1476 264 1514 Citant
280 1471 362 1510 Esai.
374 1486 429 1518 34.
441 1473 482 1520 ψ.
492 1486 527 1519 4.
555 1469 716 1520 Tabescet
732 1470 841 1509 omnia·
855 1471 986 1508 militia
996 1484 1059 1507 ειτ-

29 1532 153 1570 lorum,
167 1528 212 1574 &1
221 1525 402 1578 complicab
407 1524 610 1576 unturficut
620 1524 704 1563 liber
714 1526 799 1565 coeli,
820 1523 865 1569 ά
873 1528 980 1563 omnia
988 1527 1058 1562 mi-

4 1581 8 1584 *
31 1586 115 1623 litia
123 1597 238 1621 eorum
246 1581 372 1635 defluet
380 1608 390 1621 ‚
399 1580 493 1632 ficut
500 1580 624 1633 defluit
626 1580 755 1631 fhlium
764 1580 805 1617 de
814 1581 935 1621 vinea,
962 1579 1006 1625 ὠ*
1017 1589 1059 1616 ut

29 1640 216 1678 deciduum
226 1635 606 1687 deficu:qu010co‚ets1
617 1636 944 1674 admittant‚Deum
955 1648 1060 1672 com-

30 1695 158 1732 minari
167 1705 287 1744 poenas
299 1690 577 1731 Idumaeis‚fimul
588 1702 723 1729 tamen,
731 1694 764 1726 &
773 1689 918 1740 quidem
928 1691 1058 1740 prima-

29 1749 94 1789 rio,
105 1748 231 1787 volunt
240 1745 452 1798 Prophetam
465 1741 650 1797 respexisse
659 1746 696 1780 in
707 1743 804 1780 diem
816 1742 1056 1783 novissimum,

29 1816 102 1855 quo
113 1808 146 1840 &
158 1814 285 1840 omnes
299 1799 455 1838 Ecclefiae
465 1799 581 1837 hostes
588 1798 792 1851 perdentur,
815 1802 848 1834 &
862 1800 979 1836 omnis
988 1813 1060 1837 coe·

27 1860 148 1897 lorum
167 1857 339 1894 exercitus
355 1854 514 1892 interibit
531 1868 540 1890 :
559 1866 669 1904 quem
684 1854 869 1890 interitum
886 1851 963 1890 fore
980 1853 1059 1892 sub-

29 1904 226 1953 stantialem
256 1908 326 1960 ipsa
349 1911 397 1946 vis
419 1908 610 1952 verborum
629 1931 639 1947 ‚
672 1912 706 1944 &
725 1906 913 1958 praesertim
933 1907 1060 1947 additae

28 1966 289 2008 similitudines,
315 1963 578 2001 demonstrant.
609 1960 934 2013 Qemadmodum
960 1965 1058 2000 enim

29 2021 170 2075 quando
190 2018 323 2057 decidit
338 2017 485 2056 folium,
504 2029 580 2054 non
590 2014 785 2053 secundum
796 2016 981 2067 qualitates
1000 2016 1055 2054 so-

29 2078 105 2116 lum
125 2075 306 2114 alteratur,
325 2071 383 2111 sed
401 2085 491 2110 mox
508 2083 629 2109 totum
649 2072 905 2122 corrumpitur,
924 2073 973 2109 ita
985 2085 1057 2109 coe-

28 2130 213 2171 losvolunt
227 2129 294 2169 noz‘l’
310 2127 406 2167 εἷο-ίαν
423 2125 726 2178 corrumpendos,
744 2128 825 2178 quia
841 2127 885 2164 ad
903 2127 1058 2165 modum

29 2186 232 2225 cadentium
246 2181 418 2221 foliorum
435 2181 591 2219 defluere
607 2180 780 2219 dicuntur.
809 2181 970 2220 Eandem
984 2184 1057 2219 vim

28 2245 169 2295 Ponunt
186 2240 223 2276 in
244 2239 317 2276 aliis
335 2240 513 2289 Scripturae
531 2236 638 2276 locis,
656 2233 740 2273 Esai.
751 2246 798 2284 65.
809 2237 904 2285 ᾥαγ.
928 2236 1056 2286 Matth.

29 2296 139 2343 2457.
151 2307 194 2342 35.
209 2294 319 2331 Marc.
338 2305 381 2339 13.
398 2294 441 2340 ἦ.
449 2305 494 2338 31.
510 2290 569 2330 sed
585 2290 772 2342 praesertim
782 2306 812 2329 2..
823 2295 913 2343 Petr.
923 2305 950 2339 3.
970 2293 1012 2340 ᾧ.
1025 2305 1058 2337 7.

30 2352 67 2387 in
86 2363 193 2401 quem
209 2347 332 2387 locum
353 2347 470 2385 scribit
486 2342 610 2384 clariss.
624 2347 750 2399 Junius
767 2347 874 2384 Par-al.
895 2349 1057 2399 Append.

30 2401 200 2451 Paraljr4.
217 2401 344 2442 effecta
362 2404 399 2440 in
416 2415 463 2440 eo
477 2403 566 2454 poni
575 2402 647 2440 duo
658 2425 667 2442 ‚
686 2399 789 2453 prius,
810 2402 907 2451 quod
924 2402 960 2439 hi
977 2402 1058 2439 coeli

33 2463 118 2511 cum
127 2458 270 2496 stridore
285 2456 470 2511 peribunt,
488 2456 669 2495 elementa
676 2457 855 2495 aestuantia
867 2456 1054 2497 solventur,

33 2507 188 2562 terraque
198 2516 230 2549 &
241 2511 293 2550 res
303 2525 379 2564 quae
387 2512 424 2549 in
442 2525 483 2549 ea
491 2511 570 2563 sunt
586 2524 777 2550 exurentur
790 2535 798 2552 ‚
821 2514 946 2549 omnia
957 2512 1057 2549 deni-

32 2564 366 2621 quecolliquefcent
377 2591 386 2608 ,
404 2564 682 2612 ⁷t⁴1{b'us''⁸³r'erfibus
691 2565 1001 2605 antecedentibus:
1021 2567 1057 2605 id

37 2620 86 2657 est
98 2617 199 2671 ,liaec
207 2616 347 2661 omnia,
367 2620 678 2670 vanitati‘fiibj‘eaa
693 2621 878 2675 peribunt,
899 2620 1058 2674 glorioso

36 2674 188 2711 adventu
203 2671 342 2712 Christi&
364 2672 461 2717 A'lfe'r
481 2675 626 2715 effecius
635 2676 820 2729 est,'‘quod
829 2680 914 2714 novi
926 2677 1007 2715 coeli
1024 2681 1058 2714 &

36 2740 127 2766 term
146 2739 235 2763 00V2
247 2750 255 2766 ²
277 2729 473 2770 Πῡνὲῑῑῑῶε,
491 2732 661 2770 nimirum
675 2733 814 2770 venturi
828 2730 919 2770 illius
939 2730 1056 2772 seculi,

37 2783 162 2820 omnia
187 2781 337 2831 denique
354 2782 456 2818 1¹0V2'
471 2786 534 2834 Piis
551 2787 589 2822 in
607 2787 748 2831 Christo
764 2785 880 2825 sutura
896 2787 992 2827 sunt,
1021 2799 1059 2824 ut

37 2836 119 2875 Esai.
131 2845 176 2883 65.
197 2836 238 2882 ψ.
249 2836 303 2872 156.
324 2833 518 2887 graviffime
532 2838 742 2891 promissum
763 2843 828 2882 est,
848 2847 882 2879 δε
899 2845 1060 2895 Joannes

36 2890 200 2945 praedicat
210 2887 612 2943 gloriofiffime>Ap0cal.
621 2906 668 2930 21.
669 2896 890 2943 proculdubio
899 2899 1057 2936 innuens,

38 2952 105 2984 non
118 2945 240 2982 coelum
249 2944 320 2982 hoc,
331 2953 398 2979 aut
405 2944 535 2980 terram
544 2943 649 3003 hanc,
660 2945 760 2996 '‘quafi
765 2949 917 2997 refusam'
924 2978 933 2990 ‚
945 2952 1008 3000 sed
1015 2953 1059 2988 il-

1083 2827 1087 2885 h

2079 90 2153 145 283

1123 153 1230 192 turad
1245 154 1374 192 statum
1386 153 1501 193 beatae
1510 155 1588 194 vitae
1611 166 1729 193 rerum
1749 155 1971 209 praesentium
1992 156 2155 196 similitu-

1122 209 1205 246 dine
1223 210 1424 262 expositum
1435 233 1444 250 2
1463 208 1584 248 referri
1593 209 1735 249 debere.
1761 210 1846 250 Ideo
1863 213 1973 250 etiam
1981 212 2018 249 in
2035 214 2151 266 priva-

1120 265 1163 301 tis
1178 262 1460 315 responsionibus
1476 264 1522 302 ad
1539 265 1747 317 quaestiones
1761 266 1824 304 fibi
1833 267 2026 319 propositas
2036 291 2045 309 ,
2062 278 2150 306 ean-

1120 317 1204 355 dem
1215 317 1439 360 sententiam,
1449 330 1582 357 terram
1601 320 1701 361 hanc,
1713 322 1784 359 ὑπὸ
1794 321 1886 359 hanc
1898 332 2068 362 naturam
2083 335 2152 362 non

1112 372 1207 424 fore.
1225 375 1364 411 ratione
1374 379 1407 412 &
1416 376 1605 412 autoritate
1614 377 1664 412 ita
1680 375 1830 414 stabilire
1840 370 2012 415 conatur(
2030 391 2056 416 1.
2065 381 2149 417 Rat.

1120 429 1201 480 quia
1219 427 1293 466 haec
1314 428 1384 482 ipsa
1399 440 1541 470 natura,
1558 428 1627 467 five
1643 431 1840 468 universitas
1857 430 2010 484 Physica,
2029 435 2066 470 in
2082 446 2152 485 qua

1120 482 1313 524 versamur,
1331 497 1407 523 non
1426 485 1476 522 est
1498 481 1606 522 futuri
1622 484 1744 525 seculi,
1773 484 1831 522 sed
1855 486 2048 537 praesentis,
2075 501 2151 525 non

1118 550 1261 578 aeoerna.
1279 538 1336 576 sed
1344 541 1515 591 peritura;
1538 539 1636 591 quod
1644 538 1757 591 ipsum
1766 553 1841 577 non
1854 540 1968 578 solum
1977 555 2020 579 ex
2029 545 2152 595 Script-

1117 592 1177 631 sed
1199 597 1311 631 etiam
1329 608 1374 632 ex
1396 594 1612 648 {iugulatum
1636 596 1788 646 partium
1814 594 2060 634 observatione
2086 598 2150 635 de-

1118 649 1342 687 monstratur.
1370 652 1603 703 chnque
1615 653 1807 689 mutantur,
1821 650 1949 687 eadem
1960 653 2151 693 intereunt;

1118 703 1262 756 singulae
1287 715 1408 741 autem
1432 717 1546 756 partes
1572 702 1672 751 hujus
1697 704 1923 742 universitatis
1951 716 2152 747 mutantur;

1121 757 1250 811 ergo&
1260 759 1459 796 univerfitas
1474 758 1547 796 haec
1557 761 1709 810 peritura
1718 760 1778 796 est.
1808 772 1838 801 2.
1857 759 2092 798 Distinffione
2102 760 2152 797 se·

1119 813 1189 850 culi
1206 827 1259 852 res
1279 813 1350 865 ipsa
1370 814 1631 852 demonstratur
1656 812 1913 852 evidentissime*
1929 828 1939 851 :
1965 827 2050 852 nam
2068 828 2153 853 cum

1118 870 1190 905 Dei
1198 868 1239 906 fit
1256 868 1358 906 solius
1367 870 1559 908 aeternitas,
1581 870 1755 922 principio
1774 867 1889 907 &fine
1903 883 2041 910 carens.
2059 869 2153 922 spiri-

1120 935 1222 961 tuum
1239 936 1441 961 creatorum
1453 948 1461 964 ,
1481 936 1606 964 aevum>
1617 926 1830 976 principium
1839 923 1973 962 habens
1984 948 1993 964 ,
2012 923 2085 962 fine
2095 939 2152 962 ca·-

1118 991 1216 1017 rens:
1233 989 1352 1017 rerum
1361 978 1594 1030 physicarum,
1609 990 1748 1031 tempus
1760 1003 1769 1019 ‚
1794 980 2012 1031 &principio
2027 983 2062 1017 &
2081 978 2153 1017 fine

1119 1033 1300 1074 constans;
1320 1047 1395 1070 non
1413 1035 1528 1086 magis
1537 1035 1607 1071 istae
1623 1035 1873 1085 perennitatis,
1893 1032 2001 1086 quarn
2011 1033 2061 1070 illi
2074 1048 2152 1071 cor-

1117 1088 1301 1137 ruptionis,
1320 1099 1380 1124 aut
1396 1088 1566 1128 interitus,
1586 1102 1732 1140 capaces
1740 1088 1910 1125 videntur.
1940 1093 1991 1126 Ac
2008 1099 2153 1140 propte-

1117 1140 1175 1176 rea
1195 1141 1352 1193 Angelus
1368 1143 1477 1189 jurat,
1502 1154 1569 1178 non
1578 1141 1655 1191 fhre
1670 1143 1818 1191 amplius
1832 1151 1982 1191 tempus.
2009 1145 2046 1179 in
2063 1156 2151 1180 cona

1114 1193 1356 1233 summatione
1375 1196 1531 1246 mysterii
1546 1197 1635 1236 Dei,
1655 1195 1802 1247 Apocal.
1813 1208 1867 1234 10.
1879 1197 1919 1244 ἵ]
1932 1205 1960 1233 6.
1973 1209 2007 1240 7.
2039 1198 2151 1250 Qod

1115 1248 1213 1287 idem
1230 1247 1484 1303 argumentum
1503 1263 1607 1301 urget
1630 1250 1797 1291 Tilenus,
1819 1250 1983 1287 nondum
2004 1250 2150 1288 transfu-
2181 1258 2185 1260 “

1116 1317 1173 1357 ga,
1186 1306 1223 1341 in
1234 1303 1339 1354 Thes
1356 1305 1400 1341 de
1416 1305 1561 1358 Judicio
1581 1318 1747 1343 extremo
1756 1318 1800 1352 33.
1828 1305 1920 1344 Non
1933 1304 2069 1342 obstare
2087 1320 2150 1343 au-

1117 1371 1192 1397 tem
1209 1359 1291 1398 huic
1309 1359 1508 1400 sententiae,
1530 1360 1630 1413 quod
1646 1374 1796 1412 corpora
1812 1360 1929 1397 nostra
1944 1362 1981 1396 in
1998 1359 2083 1397 illud
2099 1361 2150 1397 se-

1114 1415 1235 1452 culum
1254 1414 1554 1468 deportabuntur,
1576 1414 1808 1469 glorificanda
1830 1417 1869 1452 in
1886 1416 2150 1453 communione

1114 1473 1314 1508 animarum
1327 1495 1336 1512 ,
1355 1471 1435 1522 quia
1445 1470 1479 1507 id
1490 1484 1577 1523 opus
1585 1473 1651 1508 erit
1659 1471 1831 1524 singulare
1839 1471 1978 1522 gratiae,
1999 1470 2042 1506 ad
2052 1482 2150 1522 pate-

1114 1523 1318 1563 faciendam
1336 1528 1408 1574 ejus
1424 1524 1703 1563 misericordiam
1712 1528 1748 1563 in
1761 1522 1967 1579 glorificatis
1978 1551 1988 1565 ‚
2006 1529 2039 1562 δε
2056 1526 2152 1573 justi-

1116 1581 1202 1616 tiam
1225 1593 1266 1617 ac
1283 1579 1505 1618 severitatem
1521 1583 1559 1618 in
1573 1580 1757 1618 damnatis.
1780 1580 1870 1620 Non
1881 1578 2018 1617 obstare
2027 1592 2150 1618 autem

1118 1633 1272 1676 docent,
1304 1635 1400 1686 quod
1426 1648 1562 1673 novum
1581 1636 1705 1673 coelum
1724 1634 1770 1687 ά·
1784 1648 1883 1673 nova
1897 1645 1992 1672 term
2004 1662 2014 1676 ,
2033 1632 2150 1673 futura

1116 1689 1294 1726 dicantur:
1313 1691 1393 1740 quia
1410 1690 1496 1727 illud
1506 1703 1581 1726 non
1601 1690 1728 1727 dicitur
1737 1690 1781 1727 de
1790 1690 1860 1727 hoc
1871 1689 1977 1730 coelo,
1989 1702 2048 1727 aut
2059 1689 2149 1727 terra

1113 1742 1179 1780 hac
1188 1744 1426 1783 materialiter,
1448 1743 1505 1780 sed
1516 1743 1642 1780 dicitur
1653 1743 1696 1781 de
1705 1757 1799 1781 nova
1808 1743 1886 1781 sede
1897 1744 2027 1795 typice‘,
2041 1744 2077 1781 id
2087 1745 2147 1783 est,

1116 1796 1159 1834 de
1169 1796 1248 1835 sede
1257 1795 1363 1834 futuri
1373 1796 1488 1836 seculi,
1510 1810 1586 1848 quae
1601 1799 1718 1848 typice
1737 1811 1781 1834 ex
1803 1800 2074 1848 comparatione
2094 1811 2148 1834 re-

1115 1865 1194 1889 rum
1204 1851 1426 1903 praesentium
1437 1879 1446 1892 ,
1469 1863 1603 1888 novum
1625 1851 1758 1888 coelum
1774 1856 1911 1889 &nova
1922 1863 2013 1888 terra
2030 1851 2148 1903 appel-

1114 1907 1214 1944 latur.
1257 1908 1486 1960 Qpropter
1502 1907 1630 1955 adjecit
1648 1907 1757 1943 etiam
1773 1909 1893 1944 Petrus
1905 1930 1914 1947 ‚
1936 1904 1998 1942 ubi
2013 1906 2149 1956 justitia

1116 1960 1255 1997 habitat
1268 1984 1277 2001 ,
1296 1973 1336 1998 ut
1359 1960 1560 1998 ostenderet
1576 1959 1608 1997 se
1618 1954 1695 1997 iion
1705 1973 1810 2012 agere
1822 1960 1866 1997 de
1876 1959 1946 1997 hoc
1956 1959 2049 1997 coelo
2061 1985 2070 2002 ,
2089 1972 2149 1998 aut

1114 2015 1180 2053 hac
1190 2027 1282 2052 terra
1293 2040 1301 2056 ‚
1323 2014 1693 2061 ubihominesinjusti‚
1705 2017 1902 2052 animantes
1913 2014 2024 2052 brutae
2035 2039 2044 2054 ,
2066 2027 2149 2051 om-

1114 2071 1173 2107 nia
1189 2070 1375 2107 mutabilia
1391 2068 1572 2110 habitant,
1594 2069 1653 2106 sed
1672 2069 1716 2107 de
1733 2083 1774 2107 ea
1791 2068 1869 2107 sede
1881 2094 1890 2110 ‚
1920 2082 1997 2123 quae
2012 2070 2149 2117 justitia:

1116 2127 1302 2176 competit.
1315 2131 1348 2162 ὃς
1363 2126 1400 2161 in
1410 2138 1478 2176 qua
1487 2124 1549 2162 soli
1562 2125 1638 2172 justi
1648 2124 1809 2162 versaturi
1825 2123 1912 2161 sunt.

1178 2180 1312 2218 Eadem
1329 2179 1438 2216 habet
1458 2182 1496 2216 in
1522 2179 1587 2216 suis
1604 2179 1691 2216 locis
1716 2178 1970 2217 communibus
1988 2181 2148 2231 Joannes

1116 2231 1325 2275 Chaffanio,
1345 2235 1510 2272 locorum
1530 2246 1667 2271 comm.
1682 2233 1742 2270 lib.
1752 2247 1780 2279 3.
1794 2247 1867 2286 cap.
1879 2247 1931 2271 22.
1948 2232 2010 2271 ubi
2025 2234 2146 2274 docet,

1113 2287 1387 2342 promiffionem
1407 2288 1451 2326 de
1469 2289 1564 2326 coelis
1581 2290 1680 2325 novis
1698 2293 1731 2326 &
1746 2302 1836 2326 terra
1852 2302 1957 2329 nova,
1970 2287 2148 2325 summam

1115 2342 1352 2395 &perfestam
1377 2344 1536 2382 Ecclefiae
1563 2344 1853 2380 instaurationem
1883 2344 1920 2379 in
1942 2355 2058 2395 regno
2077 2343 2148 2380 Dei

1113 2400 1219 2437 Patris
1229 2398 1419 2452 allegorice
1429 2396 1648 2451 significare,
1667 2410 1773 2449 prout
1789 2397 1976 2450 spiritualia
1997 2403 2030 2435 &
2049 2408 2148 2434 aeter-

1112 2468 1158 2492 na
1169 2478 1177 2494 ,
1195 2453 1299 2491 rebus
1310 2456 1488 2506 corporeis
1498 2458 1532 2490 &
1544 2452 1806 2504 aspectabilibus
1816 2452 1932 2505 saepius
1944 2455 1982 2490 in
1998 2454 2149 2504 Scriptu-

1113 2523 1150 2547 ra
1161 2508 1366 2561 figurantur.
1392 2508 1642 2547 Immundum,
1655 2508 1720 2544 isto
1731 2507 1852 2545 visibili
1868 2508 2147 2560 praestantiorem

1113 2563 1219 2601 nobis
1227 2565 1402 2615 proponi,
1428 2577 1473 2601 ne
1487 2562 1586 2612 hujus
1596 2563 1722 2599 mundi
1735 2561 1850 2602 casum
1860 2567 1893 2600 ὃς
1903 2560 2148 2599 finem-dolea-

1114 2631 1192 2656 mus
1205 2647 1213 2655 .
1243 2620 1357 2667 Hujus
1375 2620 1426 2656 rei
1444 2620 1622 2655 rationem
1639 2616 1779 2665 subjici,
1800 2616 1884 2654 cum
1900 2619 1938 2653 in
1956 2615 2022 2652 illis
2049 2614 2146 2652 coelis

1114 2675 1213 2711 novis
1231 2678 1264 2711 ὃ(
1286 2686 1378 2711 terra
1395 2687 1487 2710 nova
1500 2697 1508 2713 ‚
1527 2674 1653 2721 justitia
1666 2672 1863 2709 inhabitare
1893 2670 2029 2708 dicitur.
2055 2668 2146 2706 Sub-

1115 2729 1189 2776 jicit
1203 2752 1211 2769 ,
1235 2730 1330 2765 Hinc
1352 2728 1484 2780 liquid&
1501 2737 1678 2777 apparere,
1702 2727 1742 2763 de
1758 2740 1850 2764 novo
1863 2726 1981 2778 aliquo
1992 2725 2069 2762 caelo
2078 2726 2146 2760 a'ut

1113 2794 1226 2823 terra,
1250 2796 1317 2820 non
1323 2783 1453 2834 propri}
1474 2782 1531 2819 hic
1545 2775 1627 2831 agis
1643 2795 1686 2818 ne
1703 2784 1780 2832 quis
1797 2780 1965 2829 extstimet
1982 2781 2050 2829 (ut
2060 2791 2146 2813 non—

1116 2839 1206 2875 nulli
1215 2838 1372 2888 censent)
1392 2838 1486 2874 hunc
1502 2837 1676 2874 mundum
1701 2846 1911 2872 renovatum
1931 2836 1995 2871 iri,
2018 2831 2144 2879 ip-sam·

1117 2906 1184 2944 que
1201 2894 1326 2930 mundi
1336 2892 1570 2943 substantiam
1595 2904 1662 2928 non
1675 2893 1871 2940 perituram
1889 2885 1944 2935 effie
1962 2910 1970 2925 7
1990 2884 2054 2932 sed
2074 2885 2144 2940 ejtfs

1114 2948 1323 2999 qualitatem
1337 2975 1345 2987 ,
1371 2957 1543 2999 quatenus
1558 2945 1697 2993 vitiosa,
1719 2942 1763 2987 &⁶
1782 2941 1986 2987 corruptioni
2001 2935 2144 2971 obnoxm

35 2990 102 3038 litd
115 3000 222 3049 ipfitm
243 2997 485 3036 habitaculum
503 3000 540 3035 in
559 3011 625 3048 quo
642 2999 775 3047 justitia
795 3001 950 3043 habitat,
984 3005 1057 3050 ὠς.
1085 2987 1088 3035 l
1117 3003 1170 3051 est.
1202 3005 1402 3052 Nonigitur
1411 2996 1814 3045 renovabiturlmundum
1826 2989 1996 3041 sedplan}
2006 2986 2141 3037 desinet.

41 3055 180 3109 Qbus
191 3053 301 3091 verbis
319 3053 393 3090 satis
408 3054 540 3090 indicat
555 3053 587 3089 se
596 3050 696 3090 fuifle
711 3056 748 3089 in
758 3066 799 3090 ea
808 3053 989 3097 sententia,
1000 3059 1062 3096 de-
1118 3058 1206 3095 Haec
1219 3056 1290 3093 ille.

38 3109 140 3150 {itura
151 3106 221 3148 effe
232 3122 307 3162 quae
314 3111 388 3158 μω
400 3107 581 3150 videntur,
605 3113 638 3147 8<
650 3121 726 3160 quae
733 3119 827 3146 nova
842 3113 1059 3161 promittun-

1180 3112 1258 3162 Q
1272 3111 1381 3148 etiam
1399 3120 1480 3146 cum
1499 3102 1755 3192 omnibukaliis
1776 3100 1836 3151 qui
1857 3097 1954 3135 idem
1969 3094 2142 3189 [εοῑὶιὲῐὲμ

1702 3167 1724 3189 n
1754 3167 1773 3189 2.
2044 3163 2065 3187 a
2115 3161 2144 3188 lt
