2411 3348
208 110 280 217 {ipi
299 176 363 216 pro
380 171 425 198 eo
437 157 496 211 qui
513 168 676 197 naturam
693 154 778 193 Esau
801 155 1054 194 individualem
1083 153 1242 198 haberem

209 220 268 257 sed
280 230 344 269 pro
358 227 404 251 eo
421 216 537 265 quiex
557 212 783 249 ordinatione
806 210 922 248 divina
943 210 1090 248 haberet
1104 212 1156 258 jus
1176 211 1245 262 pri-

209 270 458 323 mogeniturae.
488 268 584 308 Cdm
595 278 715 303 autem
733 267 825 317 tropi
840 272 915 302 no'n
926 267 992 303 lint
1001 264 1175 302 mentales
1191 277 1246 301 re-

209 326 402 365 strifflones
417 350 426 362 ‚
446 321 532 359 nihil
542 332 754 373 promovere
765 320 824 371 qui
835 318 1142 372 exemploJacobi
1161 318 1247 355 abu-

214 390 359 417 tuntur,
381 376 425 414 ad
445 375 515 414 tale
543 374 816 414 mendaciorum
843 373 1032 413 artificium
1060 386 1248 411 commen-

223 432 393 470 dandum.

261 486 317 525 Ad
339 484 526 522 veritatem
551 484 798 535 propofitionis
823 481 921 535 quod
942 482 1072 535 spestat
1090 508 1099 525 ,
1127 483 1250 537 diqunt

210 543 324 580 etiam
342 535 567 577 manifestam
588 552 631 576 ex
652 552 698 576 eo
716 534 806 578 effe,
826 538 922 590 quod
945 541 1014 576 Dei
1029 538 1201 576 sententia
1214 543 1248 576 &

211 597 379 640 decreto,
408 593 690 645 primogenitura
715 591 830 631 fuerat
847 591 892 630 ab
914 592 999 630 Esau
1025 595 1186 631 transsata
1210 594 1249 629 in

211 650 392 703 Jacobum
405 672 413 688 ‚
433 647 539 698 idque
556 647 733 685 aRebeca
751 649 808 685 cui
820 648 894 685 talis
910 647 1082 685 sententia
1098 651 1169 685 Dei
1192 661 1249 684 re-

212 705 324 742 velata
343 703 467 742 fuerat,
489 700 704 753 patefactum
724 699 825 739 fuiffe
846 702 1000 754 Jacobo.
1034 706 1245 753 Supponunt

212 772 335 798 autem
361 756 527 810 quicquid
544 757 589 793 ab
608 756 723 793 liliaco
753 756 886 793 dietum
910 768 970 792 aut
991 754 1125 793 factum
1150 753 1219 792 fuit
1237 779 1245 794 ι

212 811 418 866 prophetice
431 810 564 848 dictum
582 823 644 848 aut
663 806 796 847 fatt'um
813 806 933 846 fuisse:
962 810 1052 846 item
1071 812 1108 846 in
1127 810 1247 846 omni-

212 868 277 907 bus
288 866 469 921 Jacobum
481 860 581 901 fuiffe
593 865 803 915 prophetico
816 863 933 915 spiritu
947 862 1248 901 afflatum.Proin·

212 923 259 961 'de
277 936 353 960 non
371 914 532 972 spe&affe
551 930 627 955 tum
640 918 744 954 verba
761 917 819 954 illa
837 930 1007 970 tanquam
1019 917 1124 956 verba
1143 920 1247 970 patris

212 978 409 1030 ignorantis
433 974 506 1024 quis
529 968 634 1013 effet3
652 971 710 1010 sed
730 984 901 1024 tanquam
918 971 1023 1010 verba
1032 974 1171 1024 Deiqui
1186 987 1249 1024 per

213 1046 253 1070 os
263 1031 351 1068 Isaac
364 1026 592 1079 loquebatur,
625 1032 657 1064 &
676 1029 770 1074 cujus
783 1026 917 1065 sensum
928 1026 1175 1078 assequebatur
1187 1032 1247 1080 Ja-

212 1085 295 1124 cob.
325 1089 447 1135 Itaque
463 1077 677 1133 respondisse
695 1082 876 1134 Jacobum
894 1082 1045 1123 adrem,
1064 1083 1152 1120 &ad
1171 1082 1248 1120 sen-

211 1141 288 1178 sum
308 1139 447 1191 Spiritus
462 1135 578 1174 sancti.
615 1136 764 1177 Adhaec,
785 1138 846 1174 etsi
869 1138 1038 1175 neuterin
1051 1137 1247 1189 particulari

210 1188 515 1246 cognovissetDei
532 1193 777 1229 intentionem
787 1203 869 1229 ante
883 1190 993 1229 finem
1013 1193 1171 1232 actionis,
1183 1205 1247 1229 ne-

212 1245 430 1299 scivissetque
441 1248 515 1297 quis
524 1246 582 1283 ille
593 1245 704 1283 sensus
715 1243 815 1286 esset,
840 1260 948 1298 quem
963 1248 1103 1297 Spiritus
1115 1246 1248 1284 sanetus

213 1303 417 1340 intenderet
428 1326 436 1341 ,
457 1299 611 1338 sufficere
625 1300 669 1337 ad
677 1300 904 1338 liberandum
914 1313 1103 1352 utrumque
1115 1300 1134 1338 a
1146 1315 1249 1338 men-

214 1353 336 1397 daci-0⁴,
365 1355 462 1408 quod
479 1357 517 1392 in
537 1368 669 1408 genere
691 1355 927 1393 intendebant
945 1354 1092 1393 obedire
1111 1357 1249 1408 Spiritui

214 1412 345 1450 saneta
373 1411 470 1449 Cum
482 1422 603 1448 autem
614 1409 731 1461 Jacob
741 1424 816 1448 non
826 1410 986 1448 humano
999 1410 1113 1447 modo
1125 1435 1133 1451 ‚
1152 1411 1250 1458 juxta

213 1467 311 1520 leges
331 1465 437 1503 civilis
463 1463 723 1503 consuetudinis
749 1464 976 1503 conversandi
1002 1464 1168 1517 loquutus
1196 1466 1247 1505 fit,

213 1520 273 1559 sed
283 1518 502 1572 mysterioso,
516 1531 554 1557 ut
565 1519 768 1570 loquuntur,
779 1518 1062 1571 propheticoque
1071 1519 1186 1557 modo
1196 1533 1251 1557 re-

216 1572 412 1628 stringente
434 1575 619 1611 veritatem
635 1573 773 1613 diffiad
791 1573 925 1612 sensum
938 1575 1161 1616 inufitatum;
1176 1587 1253 1611 non

215 1628 333 1667 favere
354 1628 559 1679 exemplum
576 1628 704 1680 Jacobi
727 1628 1061 1680 aequivocatoribus‚
1084 1630 1143 1681 qui
1159 1629 1203 1666 de
1223 1627 1256 1666 se

215 1684 287 1723 hoc
300 1698 374 1721 non
382 1682 604 1734 profitentur,
616 1697 683 1720 nec
695 1682 852 1735 profiteri
861 1680 1015 1735 possunt.

269 1740 357 1776 Haec
375 1738 547 1775 sententia
562 1737 693 1774 merito
715 1752 790 1775 non
806 1738 938 1789 placuit
954 1738 1028 1775 aliis
1050 1736 1256 1791 quibusdam

214 1791 409 1831 Pontificiis
427 1815 436 1833 ‚
466 1794 560 1839 cujus
589 1794 700 1828 etiam
729 1792 920 1845 explicatio
951 1793 1064 1831 multa
1093 1794 1258 1831 continet

214 1847 413 1896 o-qoolngo'fin.
438 1845 647 1897 Prophetica
658 1843 760 1884 fuisse
777 1847 950 1885 nonnulla
971 1849 1008 1884 in
1021 1847 1092 1885 hoc
1102 1849 1255 1898 negotio

216 1904 340 1955 negari
351 1914 424 1938 non
436 1900 545 1938 debet
554 1926 563 1939 ‚
581 1900 769 1951 praesertim
780 1902 804 1938 fi
819 1900 1112 1940 benedietionem
1125 1902 1254 1954 spefte-

213 1969 303 1997 mus,
316 1958 352 1992 in
366 1969 433 2007 qua
442 1969 517 1992 non
533 1955 768 1993 dubitandum
780 1957 839 1996 est,
859 1958 1023 2008 Spiritum
1034 1958 1191 1996 sanctum
1202 1956 1254 1994 di-

213 2007 340 2049 rexiffe
349 2010 510 2063 linguam
522 2009 636 2051 isaaci,
650 2022 689 2048 ut
700 2025 741 2048 ea
762 2009 936 2062 proferret
955 2025 1031 2064 quae
1050 2012 1255 2050 decreverat

214 2065 414 2117 jacobo&
429 2065 624 2116 posteritati
644 2067 716 2112 ejus
735 2066 864 2117 largiri.
893 2065 960 2103 Sed
981 2068 1106 2103 omnia
1121 2080 1197 2118 quae
1207 2066 1252 2104 ab

217 2120 334 2157 lsaaco
342 2132 439 2157 extra
453 2120 744 2167 benedictionem
759 2118 849 2158 faeta
865 2124 898 2157 &
909 2122 1000 2158 ditia
1017 2114 1159 2164 fuerunt
1168 2134 1251 2172 pro-

215 2174 357 2226 phetica
373 2170 493 2215 fuisse,
514 2174 766 2212 nullaratione
776 2174 916 2227 probari
926 2176 1053 2227 potest.
1086 2175 1251 2214 Adversus

216 2228 287 2265 hoc
301 2240 554 2266 commentum
564 2231 673 2282 igitur
680 2230 773 2267 recte
784 2241 1053 2282 argumentatur
1064 2232 1252 2278 Cajetanus

216 2283 295 2334 post
305 2281 521 2332 Alphonsum
532 2285 734 2322 Tostatum.
759 2287 792 2320 Si
802 2281 1076 2337 dixiffetJacob‚
1095 2286 1250 2335 Egosum

212 2339 457 2386 primogenitus
465 2347 566 2377 tum,
587 2334 703 2388 posset
719 2338 801 2376 idin
814 2339 954 2377 bonam
968 2351 1108 2391 partem
1124 2341 1247 2391 accipi,

218 2396 254 2428 ὃς
271 2389 290 2427 εὶ
308 2389 497 2427 mendacio
516 2392 685 2433 excusari,
715 2394 812 2445 quod
834 2395 1159 2445 primogenituram
1177 2398 1249 2442 ejus

219 2457 365 2484 emerat,
379 2443 433 2481 vel
443 2445 538 2495 quod
550 2459 630 2482 eam
641 2449 735 2484 Deus
744 2450 805 2499 ipfi
815 2448 1053 2500 affignaverat.
1084 2450 1153 2488 Sed
1167 2448 1250 2487 cum

218 2499 392 2536 addiderit
411 2511 547 2535 nomen
558 2501 669 2547 Esau,
690 2502 786 2552 quod
806 2505 854 2539 est
868 2503 1035 2553 personae,
1050 2517 1124 2541 non
1135 2505 1250 2556 digni-

219 2555 297 2591 tatis
309 2559 342 2590 ὃ(
353 2551 481 2593 officii,
506 2553 611 2604 idque
629 2556 805 2592 iteraverit
819 2557 1021 2607 {impliciter
1032 2557 1248 2609 responden-

219 2609 286 2648 do,
307 2608 473 2657 Egosum,
487 2606 569 2644 cum
581 2620 681 2659 pater
699 2611 935 2662 interrogaret
953 2610 1062 2648 rursus
1074 2636 1081 2650 ,
1103 2618 1160 2649 Tu
1170 2612 1249 2659 esfi-

218 2663 287 2705 lius
298 2676 392 2699 meus
402 2662 520 2711 Esau?
548 2662 620 2699 fine
638 2665 824 2701 mentione
836 2667 1127 2716 primogeniturae
1145 2690 1153 2706 ‚
1176 2679 1250 2703 non

219 2718 335 2768 potest
356 2730 416 2768 per
425 2716 611 2768 figuratam
624 2717 850 2755 locutionem
868 2722 939 2766 ejus
948 2718 1124 2770 responiio
1143 2734 1250 2757 excu-

220 2772 291 2808 rari.
321 2771 422 2811 Nam
444 2771 542 2822 quod
557 2771 791 2823 respondent,
819 2773 901 2809 Eliae
919 2786 1056 2810 nomen
1076 2777 1094 2810 a
1113 2773 1250 2812 Christo

219 2828 353 2877 Joanni
377 2827 532 2876 Baptistae
560 2826 790 2867 attributum,
821 2832 854 2864 ὃ(
872 2828 1014 2867 Davidis
1036 2841 1171 2864 nomen
1191 2829 1251 2879 ipsi

221 2879 353 2917 Meffiae
364 2879 383 2916 a
396 2878 586 2931 Prophetis,
599 2879 676 2918 sunt
686 2881 859 2919 dissimilia
869 2882 1044 2934 exempla.
1068 2885 1177 2920 Ratio
1191 2884 1252 2922 est,

222 2937 304 2985 quia
323 2937 406 2972 cum
424 2934 512 2971 Elias
530 2940 563 2972 ὃς
581 2937 694 2973 David
713 2949 789 2974 non
807 2937 961 2989 amplius
974 2934 1086 2975 effent
1104 2940 1141 2974 in
1158 2938 1249 2978 vivis,

222 2989 377 3040 proclive
388 3000 460 3026 erat
469 2989 669 3042 intelligere
679 2988 808 3043 eosqui
817 2992 936 3030 multis
946 2993 1023 3043 post
1032 2992 1150 3030 seculis
1162 2992 1251 3030 nasci

222 3043 414 3083 debebant,
427 3043 555 3081 horum
566 3047 721 3083 virorum
733 3047 939 3085 nominibus
950 3045 1106 3087 describi,
1131 3047 1180 3084 ob
1188 3047 1252 3092 ali-

188 3100 190 3102 ’
223 3111 329 3149 quam
340 3098 606 3139 similitudinem
627 3100 680 3138 vel
700 3102 1086 3154 conjuuffionemm&
1105 3115 1251 3143 morum

772 83 858 127 IN
930 53 1408 129 Canxxvxi.
1476 83 1785 129 Gauiis.

1300 155 1571 196 velmunerum,
1591 156 1764 194 veletiam
1782 152 2213 207 propterdependentiam
2232 166 2329 195 orm
2345 187 2348 189 ,

1301 216 1334 248 &
1346 212 1622 263 propagationis.
1654 215 1701 248 At
1716 209 1772 247 hic
1785 210 1957 261 agebatur
1968 210 2011 246 de
2022 207 2159 245 duobus
2169 207 2330 247 fratribus

1300 265 1504 304 viventibus,
1517 277 1670 315 quorum
1681 278 1767 302 unus
1785 265 1869 301 alius
1878 260 1949 302 effe
1959 277 2032 301 non
2044 264 2177 316 potuit,
2199 277 2243 300 ne
2254 266 2343 315 qui·;

1300 321 1383 356 dem
1403 332 1466 371 per
1481 318 1759 355 similitudinem.
1787 318 1887 356 Nam
1904 319 1928 355 si
1945 320 2057 370 prima
2076 316 2252 355 excusatio
2273 315 2339 355 va-'

1298 374 1370 411 leat
1382 398 1391 414 ‚
1413 373 1512 424 quod
1534 385 1652 409 revera
1668 371 1865 409 debebatur
1881 374 2163 425 primogenitura
2174 371 2344 424 Jacobm·

1300 431 1396 476 cujus
1414 430 1464 465 rei
1479 430 1587 465 etiam
1605 435 1719 464 certus
1737 438 1828 468 erat3
1853 437 1937 462 tunc
1950 440 2026 463 non
2043 428 2161 478 potuit
2179 429 2210 463 ei
2225 426 2332 464 tribui

1301 495 1440 522 nomen
1460 482 1556 520 Esaui
1572 494 1635 532 per
1657 479 1938 518 fiinilitudinem.
1970 483 2011 516 In
2033 481 2202 533 exemplis
2222 481 2332 520 allatis

1302 549 1455 590 apparet,
1468 551 1543 574 non
1553 536 1635 573 ideo
1651 535 1840 587 Baptistam
1853 529 1954 571 fuiffe
1965 533 2097 571 dietum
2105 537 2230 576 Eliam,
2250 539 2333 587 quia

1302 606 1430 630 munus
1440 591 1689 643 propheticum
1708 595 1741 627 ὃ(
1753 590 1895 640 reliquae
1904 590 2044 638 Spiritus
2055 588 2155 626 dotes
2166 604 2241 641 qua:
2253 590 2336 629 fue·
2374 596 2375 599 ’

1301 659 1383 684 runt
1393 661 1430 683 m
1442 647 1591 697 Baptista
1605 643 1695 684 vere,
1706 645 1743 679 in
1754 644 1827 680 Elia
1844 642 1984 680 tantum
1992 640 2135 679 fuerunt
2154 646 2334 695 aequivoce

1302 706 1335 738 &
1350 699 1485 744 ὣξιιᾳῑῖς
1503 715 1512 740 ;
1532 699 1589 736 sed
1604 700 1685 750 quia
1705 697 2021 749 quemadmodum
2033 695 2241 736 Eliasfuerat
2255 714 2335 739 ma-

1300 768 1390 808 gnus
1399 754 1615 805 Propheta&
1626 754 1830 797 restaurator
1846 751 2004 803 collapsae
2023 751 2206 804 religionis
2217 756 2254 791 in
2270 768 2337 806 po-

1300 809 1386 861 pulo
1400 810 1491 848 Dei,
1515 808 1560 845 fic
1579 807 1746 845 veniebat
1763 808 1912 858 Baptista
1928 820 2010 844 cum
2024 807 2158 844 eodem
2167 806 2286 858 spiritu
2302 814 2337 847 δε

1301 866 1438 901 virtute.
1470 860 1609 900 Meffias
1629 865 1738 899 etiam
1760 860 1870 911 dietus
1892 861 1959 899 fuit
1968 861 2082 898 David
2095 888 2104 902 ‚
2122 865 2205 914 quia
2226 860 2341 899 Darid

1300 916 1367 956 fuit
1381 931 1505 970 parens
1525 923 1558 956 ὅ(
1579 930 1680 968 typus
1698 915 1841 954 Meffiae.
1873 922 1918 955 At
1929 915 2015 954 nihil
2034 916 2102 953 tale
2111 914 2177 954 fuit
2187 929 2278 954 mter
2298 918 2351 954 E„

1299 973 1422 1011 sauum
1440 978 1473 1010 &
1494 973 1686 1025 Jacobum.
1715 971 1814 1011 Nam
1832 971 1916 1010 Esau
1934 985 2009 1008 non
2034 970 2213 1020 referebat
2231 975 2339 1025 Jaco-
2360 973 2365 977 '

1303 1028 1404 1069 bum,
1423 1041 1539 1079 neque
1551 1039 1653 1079 typus
1666 1028 1740 1075 ejus
1760 1039 1844 1068 erat,
1860 1040 1977 1079 neque
1992 1028 2166 1064 eratinter
2176 1041 2237 1065 eos
2247 1028 2342 1064 fimi-
2375 1055 2377 1058 ⁴

1303 1083 1596 1123 litudomorum‚
1617 1094 1676 1120 aut
1687 1083 1896 1120 vocationis.
1924 1082 2050 1119 Manet
2072 1082 2180 1133 igitur
2195 1080 2346 1120 firmum
2367 1089 2370 1091 ’

1301 1148 1557 1191 argumentum
1571 1148 1696 1175 contra
1706 1136 1895 1174 secundam
1906 1135 2112 1173 elusionem·

1352 1196 1439 1231 Sunt
1461 1194 1521 1243 qui
1543 1191 2104 1244 distinguuntininterrogatione
2126 1190 2228 1228 Isaaci
2253 1191 2343 1229 duos

1302 1247 1424 1288 sensus,
1438 1260 1592 1298 quor-um
1602 1259 1714 1284 unum
1726 1245 1904 1297 appellant
1915 1244 2177 1296 speculativum,
2190 1245 2344 1284 alterurn

1302 1304 1506 1355 prasticum’.
1538 1301 1797 1353 Speculativum
1818 1299 1942 1337 dicunt
1960 1323 1969 1340 ‚
2000 1312 2170 1351 quatenus
2196 1301 2343 1353 putabat

1302 1356 1491 1410 personam
1502 1356 1585 1394 Esau
1596 1354 1762 1393 benedici
1775 1353 1917 1394 debere;
1936 1356 2128 1405 prafflcum
2138 1367 2273 1395 autem,
2284 1368 2343 1392 re-

1303 1411 1434 1463 spicere
1452 1410 1803 1450 aiuntintentionem
1820 1409 2010 1458 practicam
2026 1407 2149 1450 Isaaci,
2174 1421 2251 1460 qua:
2270 1420 2345 1447 erat

1304 1465 1478 1518 postulare
1495 1464 1790 1502 benedictionem
1805 1462 2042 1515 primogeniti
2062 1461 2152 1501 illius
2166 1465 2226 1514 qui
2245 1477 2345 1502 reve—

1304 1521 1395 1558 latus
1414 1517 1527 1557 fuerat
1547 1517 1725 1558 Rebecae,
1750 1518 1788 1553 in
1798 1515 1868 1554 hoc
1878 1516 1977 1554 sensu
1996 1518 2147 1569 practice
2157 1518 2347 1570 loquendo

1307 1575 1462 1612 Isaacum
1478 1569 1688 1612 intellexisse
1707 1571 1805 1610 suam
1822 1571 2054 1622 quaestionem
2067 1596 2076 1612 ,
2100 1572 2187 1610 &ad
2202 1585 2284 1611 eam
2305 1575 2344 1610 in

1308 1644 1355 1668 eo
1373 1629 1470 1667 sensu
1483 1628 1576 1667 recte
1594 1623 1808 1680 respondisse
1825 1626 2017 1679 Jacobum.
2045 1627 2112 1664 Sed
2121 1627 2194 1664 haec
2204 1626 2347 1666 suntlu-

1311 1685 1405 1723 dicta
1421 1703 1429 1728 3
1448 1683 1697 1736 namJacobus
1714 1681 2032 1734 respondebatnon
2051 1682 2209 1735 generali
2227 1684 2347 1720 inten-

1312 1742 1404 1778 tioni
1423 1742 1575 1791 parentis
1585 1738 1629 1776 de
1647 1737 1901 1775 benedicendo
1919 1739 2185 1791 primogenito,
2202 1739 2273 1776 fine
2291 1749 2347 1775 re-

1311 1794 1428 1847 spectu
1437 1793 1593 1846 personae
1607 1818 1616 1834 ‚
1638 1807 1714 1845 quae
1733 1792 1827 1831 certe
1843 1794 1880 1830 in
1901 1806 1946 1830 eo
1958 1792 2052 1830 nulla
2069 1790 2155 1835 fuit3
2175 1791 2232 1830 sed
2252 1804 2346 1844 quae-

1311 1852 1417 1887 stioni
1436 1850 1479 1887 de
1490 1848 1598 1887 Esauo
1611 1873 1619 1888 ,
1638 1861 1727 1886 num
1747 1846 1863 1900 Jacob
1875 1847 1933 1885 ille
1943 1843 2031 1885 effer
2040 1860 2149 1899 quem
2165 1860 2234 1899 prae
2244 1847 2276 1884 se
2295 1844 2347 1884 fe-

1311 1904 1422 1942 rebat.
1455 1904 1607 1943 Proinde
1621 1917 1696 1941 non
1707 1916 1831 1941 verum
1843 1903 1892 1941 est
1902 1927 1911 1943 ,
1933 1897 2150 1954 respondiffe
2160 1916 2203 1940 ex
2220 1914 2346 1940 mente

1310 1961 1452 2012 Spiritus
1472 1958 1588 1997 sanai.
1623 1957 1830 1996 Ridiculum
1849 1969 1970 1995 autem
1982 1957 2053 1998 est,
2077 1956 2174 2008 quod
2192 1957 2346 1994 Peterius

1310 2013 1414 2051 affert
1423 2028 1466 2051 ex
1475 2011 1630 2066 significa
1637 2016 1737 2050 tione
1748 2014 1907 2049 nominis
1919 2011 2014 2051 Esau,
2035 2010 2154 2062 quod,.
2167 2012 2292 2061 inquit,
2304 2011 2345 2047 fi-

1310 2067 1651 2120 gnificatfaffiumnn
1661 2067 1754 2104 rene:
1763 2068 1872 2119 igitur
1879 2061 2104 2117 respondiffe‚
2126 2069 2195 2114 Ego
2201 2064 2348 2115 sumsu-

1310 2125 1492 2162 erum-tua,
1509 2122 1618 2170 id-est‚‘
1633 2120 1733 2168 filius
1741 2132 1835 2162 tuus,
1855 2132 1890 2158 at
1903 2120 1947 2157 de
1961 2123 2106 2172 proprio
2125 2122 2276 2157 nomine
2288 2122 2346 2157 in-

1310 2176 1525 2229 terrogabat.
1539 2189 1612 2212 non
1623 2175 1666 2212 de
1677 2178 1834 2212 nominis
1843 2173 2115 2228 fignificatione.

1364 2231 1477 2285 Qod
1498 2243 1619 2268 autem
1630 2229 1727 2267 addit
1744 2230 1861 2271 idem,
1883 2241 1921 2268 ut
1943 2229 2063 2268 eludat
2081 2228 2347 2267 distinctionem

1308 2286 1469 2326 allatam,
1489 2281 1590 2324 fuiffe
1603 2285 1758 2336 aliquam
1776 2284 2045 2322 similitudinem
2058 2285 2150 2322 inter
2170 2296 2232 2320 eos
2256 2284 2346 2333 quoss

1308 2355 1387 2379 rum
1398 2343 1497 2380 unius
1507 2353 1643 2378 nomen
1656 2364 1664 2380 ι
1686 2339 1785 2377 alteri
1795 2338 1861 2378 fuit
1870 2341 2193 2378 communicatum,
2212 2337 2280 2374 five
2290 2348 2346 2388 ty-

1308 2399 1425 2448 picam
1438 2420 1446 2436 ,
1466 2397 1532 2434 five
1550 2395 1752 2433 officiorum
1770 2400 1804 2432 &
1820 2407 2011 2431 munerum
2023 2417 2040 2433 ,-
2054 2398 2121 2429 &c-
2144 2404 2188 2428 ex
2209 2404 2276 2443 qua
2286 2393 2351 2442 qui

1287 2463 1290 2468 ’
1307 2452 1509 2491 audiebant,
1523 2447 2006 2499 facilepoterantintelligere
2027 2446 2259 2484 confilium&
2285 2447 2342 2483 in-

1306 2507 1511 2543 tentionem
1530 2504 1731 2554 loquentis3
1753 2503 1919 2539 ufitatum
1936 2503 2044 2538 etiam
2058 2497 2129 2538 esse
2139 2503 2176 2538 in
2195 2502 2345 2552 Scriptu-

1305 2575 1353 2600 ra,
1366 2573 1474 2598 unam
1487 2571 1564 2596 rem
1577 2558 1693 2595 vocari
1704 2556 2003 2594 nominealterius
2016 2558 2077 2596 rei,
2090 2553 2344 2597 omnindahud

1307 2614 1586 2666 intelligentibus
1598 2613 1656 2663 qui
1666 2610 1868 2651 audiebant,
1882 2609 1987 2661 quam
2010 2608 2344 2662 quodintelligebat

1306 2670 1466 2720 loquens,
1479 2667 1725 2718 utcumJoan.
1742 2680 1771 2702 2.
1785 2665 1874 2702 dixit
1893 2668 2091 2706 Dominus,
2112 2664 2248 2702 Solvite
2258 2675 2346 2701 tem-

1267 2741 1270 2749 =
1302 2724 1403 2772 plum
1412 2723 1472 2759 hoc
1485 2749 1494 2762 ‚
1520 2720 1564 2766 &a
1573 2723 1609 2757 in
1619 2719 1732 2756 tribus
1747 2720 1865 2757 diebus
1874 2719 2027 2757 excitabo
2036 2720 2127 2757 illud
2136 2745 2145 2760 ‚
2167 2719 2264 2770 quod
2281 2722 2345 2771 Ju-

1308 2778 1372 2814 daei
1396 2777 1440 2813 de
1465 2775 1602 2827 templo
1621 2775 1718 2826 quod
1738 2788 1810 2811 erat
1825 2775 2059 2827 Jerosolymis
2089 2776 2222 2813 distum
2244 2786 2346 2825 puta-

1308 2844 1400 2871 runt,
1413 2830 1495 2868 cum
1511 2831 1556 2867 de
1567 2843 1717 2881 corpore
1727 2828 1786 2867 suo
1797 2830 2011 2882 loqueretur.
2043 2829 2082 2867 Id
2093 2841 2201 2867 etiam
2212 2829 2255 2866 ad
2266 2841 2345 2866 rem

1309 2899 1384 2923 non
1394 2885 1487 2922 facit.
1521 2885 1651 2935 Primd,
1664 2885 1744 2936 quia
1757 2898 1831 2921 non
1843 2883 2079 2936 respondebat
2090 2886 2269 2921 Dominus
2280 2896 2346 2920 eo-

1307 2954 1386 2980 rum
1398 2942 1683 2992 interrogationi,
1704 2940 1760 2976 sed
1772 2939 1904 2991 aliquid
1920 2940 2188 2991 :enigmaticum
2208 2940 2247 2974 iis
2263 2951 2345 2989 pro-

1308 2995 1478 3046 ponebat.
1515 2993 1675 3032 Secundo
1687 3015 1703 3034 ,·
1728 2997 1808 3046 quia
1836 2996 1929 3031 inter
1949 2995 2147 3045 Templum
2166 2998 2199 3030 ὅ(
2220 3005 2345 3043 corpus

1310 3051 1436 3087 Christi
1450 3060 1523 3086 erat
1533 3049 1725 3087 fimih'tudo
1736 3075 1745 3088 ‚
1769 3061 1809 3086 ut
1820 3050 1912 3085 inter
1923 3060 2061 3099 typum,
2075 3053 2108 3085 &
2119 3061 2195 3085 rem
2208 3047 2344 3098 typofi-

1309 3103 1528 3157 gnificatani.
1556 3104 1609 3144 Ad
1630 3103 1837 3157 exemplum
1859 3102 1957 3156 quod
1975 3101 2240 3155 speetatAngen
2254 3123 2262 3139 ,
2285 3100 2346 3149 qui

2252 3152 2348 3205 apud
