2411 3348
714 89 1398 141 ExencrrArio

77 166 169 216 verse
175 161 610 221 significationis‚alioquin
618 173 727 200 unam
737 158 808 200 esse
816 161 1107 214 supervacaneam

78 224 112 263 se
138 226 173 261 ui
188 222 361 260 videretur
370 241 380 259 2
392 217 566 256 absonum
574 228 696 255 autem
709 241 717 256 ‚
728 215 805 254 imo
815 221 848 254 &
861 216 1107 269 blasphemum

79 238 162 319 eise,
173 273 303 326 aliquid
313 273 428 310 dicere
444 274 481 310 in
489 275 589 309 Sacra
600 273 771 323 Scriptura
783 270 938 309 otiosum
948 277 980 309 ὃ(
989 272 1105 325 super-

20 334 25 335 ’
76 335 187 371 fluum
195 328 332 366 Basilius
343 327 483 365 Homil.
494 340 543 364 io.
554 328 590 364 in
601 327 782 367 Genesim,
794 329 1015 378 pronunciat.
1034 332 1107 366 Au-

75 386 229 440 gustinus
240 395 362 421 tamen
376 406 384 423 ‚
403 382 519 435 quaest.
532 397 566 429 4.
583 383 619 418 in
629 383 773 418 Deuter.
787 381 848 419 ubi
857 383 932 435 agit
941 382 985 420 de
995 382 1106 421 verbis

54 482 57 483 ⁷
73 441 158 481 illis,
179 443 233 488 Ne
241 437 334 489 fbrt¹e
349 437 475 488 decepti
482 436 627 487 saciata
648 434 746 473 vobis
752 434 1022 486 similitudinem
1040 448 1107 475 aut

67 493 239 546 ftulptam
251 494 447 541 imaginem,
464 494 520 528 vix
529 490 784 543 aliquaminter
792 491 1061 530 similitudinem
1070 498 1104 529 ὃ(

73 543 270 602 imaginem
281 544 518 585 differentiam
527 548 643 599 potest
651 548 802 598 reperire
814 571 822 587 ‚
834 547 896 584 niii
906 546 1001 598 quod
1011 548 1104 584 fimi-

17 617 20 619 ·
73 604 186 642 litudo
203 604 244 641 fit
257 600 383 653 speciei
404 613 464 639 aut
485 600 641 638 hominis
661 602 716 638 vel
734 600 826 638 bruti
846 605 1100 642 communiter,

74 658 230 710 exempli
243 658 354 710 gratia
362 657 388 694 fi
403 658 515 709 pi&or
524 655 714 694 hominem
722 658 847 709 pingat
859 681 867 696 ‚
879 656 973 693 nulla
982 657 1103 694 habita

72 717 208 751 ratione
219 710 319 760 hujus
330 711 384 748 vel
398 711 486 748 illius
497 710 652 748 hominis
664 727 671 750 ς
691 713 816 764 imago
831 724 951 750 autem
969 712 1103 749 dicatur

72 781 156 806 cum
166 766 305 819 effingit
313 766 406 803 hunc
413 766 470 802 vel
478 765 578 802 illum
588 765 776 803 hominem
788 790 796 806 ‚
811 777 850 803 ut
860 767 1026 819 imaginis
1034 781 1101 804 no-

36 821 38 824 ’
73 837 160 860 men
168 820 344 874 specialius
353 820 394 856 fit
404 844 412 859 ,
423 819 655 857 similitudinis
665 832 784 857 autem
797 822 1004 873 generalius.
1035 821 1102 859 Sed

72 877 136 914 hac
145 877 284 913 ratione
301 876 417 911 omnis
432 875 555 927 imago
568 875 616 910 est
625 874 816 916 similitudo
828 899 836 915 ‚
850 879 1006 926 quamvis
1025 890 1100 912 non

74 932 190 969 omnis
198 929 390 967 similitudo
401 929 573 981 sitimago
586 953 593 968 ‚
606 942 672 966 nec
682 928 789 966 addet
797 929 927 980 aliquid
938 930 1098 967 similitu-

20 1018 22 1020 .
73 987 120 1023 do
134 985 179 1022 ad
192 986 370 1021 rationem
386 984 564 1036 imaginis,
578 982 636 1020 sed
643 986 761 1034 potius
769 985 893 1034 imago
903 984 1048 1020 adderet
1057 984 1101 1021 ad

71 1037 366 1093 significationem
375 1037 620 1074 similitudinis.
852 1083 853 1087 Ἰ

88 1107 90 1117 ’
122 1094 368 1132 Existimarunt
384 1091 615 1128 nihilominus
631 1090 735 1128 multi
748 1114 755 1130 ‚
766 1090 1034 1128 iimilitudinem
1046 1090 1100 1128 su-

70 1162 131 1201 pra
145 1149 342 1200 imaginem
352 1146 481 1198 aliquid
491 1146 620 1184 addere
633 1169 641 1185 2
653 1146 896 1197 &imaginem
906 1145 950 1182 ad
962 1158 1102 1182 natura-

70 1204 115 1241 lia
126 1228 134 1244 ‚
145 1202 411 1240 fimih'tudinem
427 1214 548 1238 autem
563 1200 608 1237 ad
625 1199 892 1252 supernaturalia
909 1202 1099 1251 pertinere,

70 1271 174 1310 atque
193 1256 282 1295 adeo
300 1256 491 1299 hominem
507 1267 656 1308 peccato
675 1250 822 1292 amififfe
834 1254 1103 1292 similitudinem

70 1326 153 1351 cum
162 1315 244 1350 Deo
254 1337 263 1353 ‚
279 1312 340 1359 etfi
349 1314 548 1364 imaginem
558 1311 742 1348 retinuerit
752 1335 760 1351 ‚
772 1312 851 1361 quia
870 1323 943 1346 non
955 1311 1103 1362 privatus

70 1366 138 1406 fiiit
146 1380 267 1405 mente
279 1391 287 1407 ‚
299 1366 481 1403 voluntate
491 1371 523 1403 &
532 1367 711 1404 memoria
721 1389 729 1405 ,
741 1365 798 1403 sed
809 1364 985 1402 san&;itate
999 1369 1032 1401 &
1044 1366 1098 1412 ju-

70 1423 169 1460 stitia.
200 1422 434 1475 Qrumilla
442 1421 519 1458 sunt
536 1423 652 1472 impiis
665 1433 748 1457 cum
758 1420 862 1457 bonis
880 1422 1100 1460 communia,

71 1475 144 1514 b'aec
150 1488 273 1514 autem
281 1478 344 1529 piis
354 1488 490 1513 tanturn
503 1474 736 1512 adscribenda.
748 1477 852 1513 Hanc
863 1473 1102 1511 differentiam

71 1532 285 1569 insinuarunt
302 1545 346 1569 ex
364 1530 580 1569 Docion'bus
598 1532 747 1581 antiquis
759 1530 862 1567 multi
874 1553 882 1567 ‚
897 1542 973 1580 quae
991 1531 1100 1566 etiam

71 1585 396 1637 apudScholasticos
407 1587 609 1624 communis
619 1586 676 1622 est.
692 1588 813 1639 Qm
823 1583 1010 1636 propterea‘i
1022 1584 1102 1620 Bel-

71 1641 170 1678 larm.
183 1654 257 1692 cap.
270 1655 300 1678 2.
317 1641 358 1677 de
364 1642 483 1690 gratia
490 1642 598 1690 primi
606 1639 760 1679 hominis,
773 1638 902 1690 probat
910 1640 1099 1675 autoritate

72 1695 199 1732 decem
210 1699 352 1732 Ratrum
372 1718 380 1735 ‚
399 1696 458 1745 qui
478 1706 603 1730 omnes
614 1695 814 1746 imaginem
829 1694 898 1729 Dei
917 1693 960 1729 de
978 1704 1101 1729 natura

68 1748 227 1786 hominis
238 1765 246 1791 ς
256 1749 524 1786 similitudinem
537 1759 668 1787 autem,
682 1748 723 1783 de
734 1746 917 1783 virtutibus
926 1749 1098 1796 interpre-

71 1816 197 1841 tantur.
229 1806 400 1857 vais
414 1817 456 1840 ex
466 1800 693 1839 Patribusillis
708 1800 870 1837 nonnulli
887 1802 1101 1837 recentiores

69 1854 146 1899 sint,
157 1869 197 1895 ut
205 1857 396 1894 Bernardus
406 1862 438 1894 &
446 1854 685 1893 Damascenus
696 1869 703 1894 ;
720 1855 825 1905 aliqui
833 1854 914 1906 supp
920 1854 1050 1893 osirim,
1063 1867 1101 1891 ut

69 1910 415 1963 Eucherius‚quidam
425 1911 534 1947 etiam
543 1923 619 1946 non
631 1908 701 1945 hoc
710 1908 828 1944 dicant
837 1909 935 1959 quod
943 1908 1015 1944 vult
1024 1908 1101 1944 Bel-

68 1967 168 2004 larm.
191 1966 272 2005 Nec
283 1967 332 2003 est
341 1964 438 2017 quod
450 1966 487 2001 in
500 1977 541 2001 ea
551 1976 586 2000 re
604 1962 846 2015 praejudicium
863 1962 967 2014 nobis
977 1960 1100 2007 afferat

69 2022 208 2058 Parrum
221 2022 386 2058 autoritas
397 2044 405 2060 ‚
419 2031 572 2071 quorum
584 2016 748 2055 nonnulli
757 2030 818 2069 per
827 2019 1025 2069 imaginem
1038 2041 1046 2056 ‚
1057 2014 1099 2053 fi-

65 2076 154 2113 lium
162 2078 309 2128 Dei‚per
316 2074 651 2125 fimilitudinem‚Sp.
661 2070 824 2110 Sanc‘tum
834 2071 1096 2111 intellexerunt,

47 2152 50 2154 ·
68 2131 165 2185 quod
181 2131 359 2182 Rupertus
377 2129 438 2167 lib.
451 2144 480 2166 2.
499 2128 544 2165 de
557 2129 684 2164 Trinit.
695 2141 768 2178 cap.
780 2141 808 2163 2.
821 2125 976 2178 pluribus
986 2124 1097 2177 perse—

66 2187 280 2237 quitur‚cum
291 2185 363 2222 aliis
373 2183 643 2234 nonnullis,quae
652 2185 775 2233 Parum
785 2194 872 2233 prop
878 2181 966 2217 ofito
979 2185 1013 2217 ὃ(
1022 2178 1097 2216 sen-

66 2242 185 2277 tentiae
196 2239 387 2277 verborum
399 2240 505 2276 Mofis
516 2263 524 2278 ,
544 2243 578 2274 ὅ(
597 2236 770 2288 loquendi
783 2236 898 2273 modo
918 2237 1097 2286 Scripturae

68 2292 128 2332 ubi·
138 2298 211 2348 agit
221 2294 264 2331 de
273 2294 423 2332 homine
439 2293 484 2331 ad
493 2295 692 2345 imaginem
709 2293 778 2328 Dei
790 2302 908 2327 creato
919 2314 928 2330 ,
947 2287 1095 2326 consen-

68 2360 169 2386 tanea
181 2345 250 2386 effe
260 2360 407 2401 agnov1t
416 2349 569 2386 Peterius
580 2351 617 2384 in
626 2345 719 2384 hunc
730 2345 852 2383 locum
863 2344 1022 2382 scribens.

116 2402 197 2443 Nos
206 2416 294 2456 ergo
305 2416 386 2440 cum
398 2405 437 2440 iis
448 2401 630 2441 sentimus,
653 2403 712 2452 qui
725 2401 786 2437 etii
803 2398 996 2453 agnoscant
1006 2400 1099 2434 inter

67 2458 264 2510 imaginem
281 2463 314 2496 8(
327 2457 593 2495 fimilitudinem
604 2455 735 2507 aliquid
747 2449 912 2491 interesse
921 2453 944 2490 si
954 2452 1096 2489 seorsim

69 2513 278 2564 accipiantur
294 2512 350 2550 vel
363 2512 541 2563 opposite:
557 2510 626 2549 hoc
637 2522 758 2548 tam—en
770 2509 854 2546 loco
864 2510 912 2545 ita
923 2506 1095 2558 conjungi

69 2576 108 2601 ut
125 2566 168 2604 ad
182 2580 291 2604 unam
309 2572 342 2604 &
352 2566 506 2603 eandem
515 2579 593 2604 rem
602 2562 868 2617 significandam
877 2562 1091 2612 usurpentur,

70 2631 136 2656 nec
147 2631 266 2658 tamen
275 2621 482 2659 alterutrum
490 2620 703 2658 vocabulum
715 2631 780 2669 pro
791 2617 961 2669 superfluo
973 2613 1095 2651 haberi

72 2671 206 2711 debeat.
230 2678 509 2729 Coniunguntur
524 2675 607 2712 alibi
617 2674 670 2711 hae
681 2674 757 2710 duae
767 2685 871 2709 voces
881 2669 1015 2707 inverso
1035 2682 1091 2705 or-

71 2723 172 2766 dine,
185 2731 304 2768 utinit.
315 2744 387 2782 cap.
398 2744 423 2778 5.
441 2729 503 2767 ubi
513 2729 629 2766 homo
645 2729 772 2765 dicitur
784 2720 944 2779 genuisse
961 2722 1093 2761 liberos

72 2776 402 2834 infimilitudinesua
410 2812 419 2824 ‚
429 2787 533 2831 juxta
551 2786 737 2833 imaginem
745 2781 862 2831 suam.
888 2777 1092 2830 Utrobique

70 2831 180 2870 sensus
187 2834 280 2874 idem
289 2836 346 2879 est,
358 2851 396 2876 ut
404 2853 474 2876 una
483 2852 552 2876 vox
561 2839 602 2875 fit
610 2839 748 2875 alterius
757 2835 991 2888 exegeticaa&
1001 2844 1093 2870 utra-

71 2899 141 2938 que
154 2889 334 2941 conjunstg
341 2891 553 2945 significetur
563 2891 720 2929 absoluta
728 2889 920 2928 similitudo
931 2912 938 2928 ›
951 2901 1020 2938 qua
1032 2887 1093 2923 ali-

70 2939 157 2992 quid
174 2939 215 2976 fit
231 2942 278 2978 ira
289 2943 453 2984 effestum
463 2947 506 2984 ad
517 2945 699 2997 exemplar
708 2945 845 2983 alterius
856 2969 864 2986 ‚
880 2954 918 2982 ut
926 2941 1090 2995 proxime

51 3041 53 3044 Ι
68 2994 208 3032 adillud
217 2995 375 3037 accedat,
390 3004 423 3036 &
432 3014 538 3051 quam
553 2998 711 3038 maxime
723 3000 896 3050 exprimat
909 3003 941 3035 ὃς
952 2995 1091 3033 referat.

56 3049 217 3087 Additur
232 3051 340 3101 igitur
357 3052 503 3104 imagini
519 3068 588 3092 vox
599 3054 850 3094 similitudinis,
862 3055 942 3104 quia
959 3065 1032 3088 non
1053 3064 1093 3087 o-

55 3105 160 3142 mnis
170 3105 294 3158 imago
309 3105 426 3144 exacte
442 3106 558 3150 similis
573 3110 623 3149 est
635 3120 844 3162 prototypo,
858 3113 891 3146 δε
902 3107 1092 3145 variaima-

1117 2554 1128 2632 1

1127 805 1134 1276 l

1474 97 1557 143 IV.

2140 131 2142 133 ’
2155 125 2178 152 2
2185 125 2199 152 1

1165 165 1256 217 ginis
1266 167 1357 202 ratio
1369 169 1566 221 excogitari
1577 167 1694 220 potest
1708 193 1716 209 ‚
1732 180 1770 208 ut
1779 168 1823 208 de
1833 171 1983 221 imagine
1998 177 2081 212 Deo
2093 190 2201 227 qaam

1156 217 1340 268 fimillima
1352 245 1360 261 ‚
1374 223 1432 275 agi
1444 223 1696 276 intelligamus·
1728 226 1888 263 Mariana
1906 229 1943 263 in
1959 226 2054 266 hunc
2064 228 2201 272 locum,

1163 277 1277 326 ¹imago
1287 301 1296 314 ,
1307 277 1423 327 inquit
1433 301 1442 317 ‚
1455 277 1500 321 &a
1499 276 1692 327 similitudo
1701 279 1791 316 idem
1792 278 2002 330 fignificant.
2032 284 2100 321 Sed
2109 289 2202 324 Cor-

1165 329 1234 367 nel.
1243 329 1263 366 a
1273 331 1402 381 Lapide
1413 330 1659 382 expressissime
1673 357 1681 373 ,
1695 337 1794 374 Dico,
1805 338 1931 388 inquit,
1943 351 2010 373 non
2018 337 2198 389 distingui,

1167 385 1212 428 θ’
1225 382 1280 433 effic
1291 390 1329 421 H
1331 385 1511 437 endiadyn.
1533 400 1566 436 q.
1585 387 1618 422 d.
1639 388 1689 424 ad
1703 391 1889 439 imaginem
1909 389 1954 436 &a
1961 390 2097 441 fimilit.
2119 397 2142 429 i.
2153 396 2203 431 ad

1164 441 1352 488 imaginem
1353 438 1606 489 fimilitua'inis,
1620 444 1643 476 i.
1651 440 1811 492 similem,
1825 445 1889 482 vel
1885 443 2117 495 simillimam,
2132 453 2198 486 &c.

1213 494 1295 532 Nec
1304 496 1442 531 moveri
1451 493 1560 532 debet
1570 495 1690 547 aliquis
1701 521 1709 537 ‚
1721 498 1818 548 quod
1828 499 1998 538 vocabula
2006 501 2065 538 illa
2072 502 2110 538 in
2123 504 2198 540 t'ex—

1163 559 1201 584 tu
1213 548 1320 585 Mosis
1338 549 1495 587 distineia
1504 550 1679 603 legantur.
1709 553 1792 588 Mos
1803 554 1851 589 est
1860 557 1957 591 enim
1967 555 2093 593 Ebraeis
2102 580 2111 597 ‚
2126 557 2198 594 duo

1161 601 1368 641 substantiva
1377 606 1425 641 ita
1437 607 1655 657 conjungere
1667 617 1704 643 ut
1715 606 1851 644 diversae
1860 621 1911 645 res
1923 604 1992 646 esse
2003 611 2195 653 videantur,

1159 671 1243 695 curn
1252 669 1373 696 tamen
1385 659 1534 696 alterum
1548 660 1707 708 adjectivi
1724 666 1758 698 &
1776 661 1922 713 epitheti
1939 663 2194 716 fignificatione

1160 712 1343 753 habeanut
1354 717 1488 766 Jerem.
1504 729 1522 750 2
1524 727 1557 756 9-
1568 729 1596 751 v.
1609 728 1649 752 11.
1661 715 1761 752 Dabo
1771 715 1869 753 vobis
1872 716 1982 764 finem
1994 717 2039 763 (θ’
2047 723 2196 769 expedia-

1160 770 1297 806 tionem,
1312 767 1348 804 id
1357 769 1405 805 est
1415 766 1525 805 finem
1536 772 1773 820 expestatum.
1802 773 1854 807 Sic
1864 771 1909 808 ad
1917 774 2116 825 imaginem
2126 798 2135 815 ,
2147 774 2197 812 se—

1160 822 1317 860 cundum
1326 822 1596 860 similitudinem
1607 849 1615 864 ‚
1627 824 1663 861 id
1674 826 1722 862 est
1739 850 1747 866 ‚
1762 825 1806 862 ad
1826 828 2026 879 imaginem
2038 841 2146 879 quam
2156 829 2196 865 fi-

1157 877 1358 915 milliinam.
1387 882 1504 930 Urget
1513 881 1621 915 etiam
1631 880 1790 917 Mariana
1798 878 1867 917 hoc
1877 893 2143 934 argumentum,
2155 896 2196 922 ut

1159 932 1231 969 duo
1240 931 1381 969 seorsim
1392 933 1636 986 intelligantur
1647 958 1655 974 ,
1668 939 1701 971 ὃ(
1714 937 1836 987 imago
1845 935 1886 971 fit
1894 936 2023 988 aliquid
2033 949 2131 974 extra
2152 938 2194 974 fi-

1160 986 1404 1023 militudinem
1420 992 1453 1024 ὃ(
1464 987 1587 1025 contra
1602 1013 1610 1028 ,
1623 989 1738 1026 obstat
1748 1014 1757 1030 ‚
1785 1003 1811 1026 1.
1830 990 1927 1042 quod
1944 992 1981 1027 in
1997 994 2197 1028 narratione

1161 1042 1380 1076 executionis
1390 1041 1522 1078 decreti
1534 1067 1541 1081 ‚
1559 1045 1744 1081 omitteret
1754 1043 1871 1081 Moses
1883 1057 2020 1096 partein
2031 1059 2138 1082 unam
2149 1048 2197 1082 rei

1161 1092 1321 1132 decretae,
1335 1094 1427 1144 quali
1441 1096 1537 1130 Deus
1547 1095 1609 1131 fibi
1618 1094 1850 1147 proposuisset
1858 1099 2047 1136 hominem
2057 1100 2101 1136 ad
2109 1103 2200 1136 ima—

1161 1149 1286 1199 ginem
1311 1152 1344 1184 &
1361 1147 1628 1186 similitudinem
1648 1149 1744 1187 suam
1757 1164 1886 1192 creare,
1903 1165 2012 1202 quem
2024 1164 2145 1190 tamen
2156 1155 2200 1190 ad

1163 1201 1258 1238 suam
1267 1204 1468 1255 imaginem
1483 1202 1623 1240 tantum
1634 1201 1788 1241 creaffet.
1813 1209 1853 1241 In
1863 1206 1996 1243 decreti
2007 1210 2106 1244 enim
2117 1221 2201 1245 exe-¹

1163 1259 1308 1295 cutione
1325 1270 1455 1294 vocem
1470 1257 1704 1295 similitudinis
1724 1260 1851 1296 omisit.
1861 1259 1941 1297 vers.
1953 1274 2006 1305 27.
2030 1257 2199 1300 Neceffa·

1162 1314 1256 1348 rium
1267 1324 1388 1348 tamen
1400 1311 1449 1348 est
1462 1335 1470 1352 ‚
1485 1325 1523 1349 ut
1540 1313 1580 1349 fit
1589 1312 1820 1350 consonantia
1829 1314 2006 1352 decreti&
2018 1317 2200 1353 executio-

1164 1369 1227 1405 nis,
1244 1366 1435 1418 utrobique
1448 1367 1545 1404 idem
1557 1367 1626 1404 dici
1637 1392 1645 1408 ,
1657 1372 1690 1404 ὃ(
1699 1381 1762 1418 per
1770 1370 1970 1420 imaginem
1979 1368 2132 1407 secundo
2143 1370 2199 1407 lo-

1164 1435 1220 1461 co,
1231 1420 1383 1474 intelligi
1393 1421 1491 1473 quod
1498 1421 1615 1473 primo
1624 1425 1894 1475 perimaginem
1903 1422 2094 1462 secundum
2103 1425 2200 1461 fimi-

1162 1475 1352 1513 litudinem
1361 1500 1369 1515 ‚
1388 1474 1502 1513 fuerat
1519 1473 1728 1528 expressum.
1766 1491 1795 1514 2.
1813 1479 1985 1528 Scriptura
1999 1479 2197 1531 promiscue

1163 1531 1321 1582 loquitur
1333 1535 1365 1567 &
1374 1528 1448 1567 haec
1457 1533 1607 1568 nomina
1617 1529 1753 1582 usurpat
1762 1555 1771 1572 ‚
1781 1532 1830 1568 ita
1839 1544 1877 1570 ut
1888 1532 2076 1583 aliquando
2086 1546 2198 1585 ponat

1163 1598 1352 1637 utrumque
1361 1587 1398 1621 in
1409 1585 1540 1622 eodem
1554 1584 1641 1625 casu,
1658 1597 1697 1623 ut
1705 1585 1774 1622 hoc
1784 1585 1868 1623 loco
1881 1611 1889 1627 ‚
1901 1587 2089 1638 aliquando
2098 1590 2135 1625 in
2145 1588 2198 1625 di—

1163 1640 1271 1680 verso,
1287 1652 1326 1677 ut
1334 1638 1374 1676 fit
1383 1638 1427 1675 ab
1441 1651 1564 1677 autore
1573 1641 1758 1691 Sapientiae
1769 1654 1842 1692 cap.
1856 1655 1886 1678 2.
1897 1655 1925 1678 V.
1937 1654 1984 1687 23.
1995 1644 2094 1680 Deus.
2102 1655 2197 1680 crea-

1162 1697 1210 1731 vit
1226 1695 1416 1731 hominem
1428 1718 1436 1734 ‚
1458 1692 1560 1740 c'mae'ix
1576 1696 1602 1731 τις
1617 1692 1702 1735 ὶῶἵοις
1716 1694 1875 1738 iafio'vmo-
1894 1697 2094 1748 imaginem
2110 1709 2194 1748 pro-

1162 1750 1243 1784 nn'ae
1260 1747 1494 1786 similitudinis
1506 1772 1515 1788 ,
1539 1747 1663 1798 quibus
1682 1748 1794 1791 verbis
1813 1761 1915 1786 autor
1934 1749 2116 1803 eleganter
2132 1764 2194 1788 ex-

1161 1801 1279 1854 press'it
1286 1801 1421 1838 sensum
1431 1801 1622 1839 verborum
1632 1803 1751 1839 Mofis.
1762 1802 1857 1855 Saepe
1868 1800 1994 1840 omiffa
2003 1817 2091 1840 voce
2091 1803 2195 1854 simi-

1162 1857 1338 1895 litadin'm
1359 1867 1498 1894 tantum
1507 1869 1636 1894 vocem
1645 1858 1810 1908 imaginis
1823 1856 1982 1909 usurpant
1998 1861 2088 1895 Sacri
2105 1860 2193 1895 Scri-

1162 1922 1281 1962 ptores
1293 1935 1301 1950 ,
1320 1922 1359 1947 ut
1381 1909 1507 1947 Genes.
1517 1922 1551 1951 9.
1567 1924 1596 1947 v.
1608 1920 1638 1948 6.
1657 1911 1700 1948 Et
1716 1910 1813 1962 quod
1829 1911 1873 1949 de
1885 1914 1968 1948 Deo
1979 1910 2035 1949 hic
2045 1912 2193 1950 dicitur:

1162 1965 1207 2001 de
1227 1976 1372 2016 parente
1389 1964 1543 2016 respesffl
1561 1963 1623 2001 filii
1642 1963 1725 2001 alibi
1747 1963 1869 2002 iisdem
1886 1964 1999 2002 verbis
2025 1968 2193 2017 exprimi-

1162 2031 1227 2059 tur,
1240 2019 1337 2071 quod
1346 2018 1462 2056 Adam
1471 2020 1596 2071 genuit
1606 2017 1720 2056 filium
1733 2018 1825 2062 Seth,
1840 2021 1890 2057 ad
1895 2022 2082 2069 imaginem
2096 2018 2192 2070 &fi-
2221 2038 2223 2040 ·

1161 2074 1396 2111 militudinem
1397 2074 1514 2123 suam,
1526 2072 1654 2110 Gencfi
1669 2089 1695 2121 5.
1709 2088 1738 2111 v,
1748 2086 1774 2119 3.
1802 2073 1876 2111 Ubi
1892 2075 2100 2125 interpretes
2112 2074 2192 2111 nul·

1158 2129 1231 2166 lam
1241 2126 1438 2180 agnoscunt
1449 2128 1768 2166 distinetionemAEt
1776 2126 1870 2165 certe
1884 2129 2027 2180 August.
2037 2129 2192 2179 quaest.4.

1159 2183 1258 2234 super
1266 2186 1374 2221 Deut.
1389 2196 1464 2219 non
1476 2182 1611 2219 videtur
1623 2181 1731 2218 ullam
1741 2184 1835 2218 inter
1843 2185 2042 2234 imaginem
2053 2188 2085 2219 &-
2094 2179 2191 2219 fimi-
2205 2190 2207 2192 '

1158 2238 1348 2274 litudinem
1359 2234 1598 2273 differentiam
1605 2234 1796 2287 agnoscere
1808 2259 1816 2276 ‚
1827 2236 1872 2272 fic
1882 2239 1980 2273 enim
1989 2235 2059 2276 ille.
2076 2239 2193 2272 Miror

1160 2302 1279 2328 autem
1291 2318 1300 2331 ‚
1311 2289 1347 2341 st
1365 2304 1431 2327 non
1441 2289 1619 2340 propterea
1630 2289 1750 2339 postea
1761 2289 1877 2327 Moses
1887 2292 2073 2339 imaginem
2082 2290 2192 2338 solam

1160 2346 1278 2383 voluit
1289 2348 1567 2384 commemarare,
1581 2346 1666 2395 quia
1677 2343 1736 2380 ubi
1752 2347 1862 2394 imago
1872 2371 1881 2384 ,
1895 2347 2053 2381 continuo
2062 2343 2190 2394 fimili-

1159 2400 1241 2437 tudo
1250 2403 1307 2436 21¹7.
1330 2399 1429 2452 Qd
1441 2398 1703 2451 quodJacobus
1718 2412 1791 2450 cap.
1809 2411 1836 2444 3.
1853 2400 1954 2450 Epist.
1965 2412 1994 2435 v.
2004 2411 2039 2441 9.
2065 2393 2192 2435 omiffa

1158 2456 1322 2507 imaginis
1332 2456 1520 2490 mentione
1532 2453 1634 2493 solius
1635 2451 1876 2502 similitudinis
1886 2453 1956 2490 Dei
1965 2452 2191 2494 meminit‚ad

1160 2522 1267 2560 quam
1284 2507 1449 2545 homines
1466 2506 1548 2545 fasti
1567 2506 1654 2544 sunt.
1721 2506 1972 2544 uodindicium
1983 2518 2118 2543 certum
2128 2507 2187 2545 est,

1157 2566 1249 2600 inter
1258 2565 1458 2615 imaginem
1469 2567 1502 2599 8<
1513 2561 1739 2611 similitudine
1755 2575 1832 2598 non
1849 2555 1920 2598 effe
1939 2558 2187 2597 differentiam.

1157 2618 1223 2654 Sed
1235 2630 1295 2668 per
1304 2616 1521 2655 Ebraismum
1534 2616 1739 2666 ‚ftcundum
1756 2616 1835 2653 addi
1846 2640 1856 2657 ‚v
1868 2615 1911 2652 ad
1921 2615 2189 2652 determinatio—

1157 2676 1288 2709 nem&
1300 2669 1561 2723 perfeRionem
1572 2673 1737 2723 imaginis
1749 2670 2002 2708 insinuandam.
2020 2668 2187 2720 Philopo—

1135 2723 1139 2727 ’
1156 2739 1221 2763 nus
1239 2726 1281 2763 de
1302 2725 1427 2763 mundi
1450 2729 1631 2763 creatione
1643 2725 1702 2762 lib.
1716 2734 1745 2762 6.
1764 2739 1838 2776 cap.
1852 2730 1880 2761 8.
1912 2723 2058 2761 Paulum
2072 2721 2187 2759 censet

1155 2793 1221 2832 pro
1241 2779 1373 2818 eodem
1394 2777 1544 2818 sumfisse
1567 2781 1767 2833 imaginem
1795 2784 1828 2816 &
1850 2776 2124 2815 similitudinem.
2143 2775 2185 2814 εἶις

1157 2833 1270 2874 ποκ’πν
1289 2833 1381 2884 οἵρφὸ
1396 2839 1562 2878 Ποάῖλῶυ,
1578 2833 1698 2881 ‘differ’
1708 2832 1822 2878 ⁶³41(va
1832 2837 1860 2884 sc}
1872 2831 1994 2878 vim&
2006 2829 2158 2878 ὶμρῖωσπῖ.

1207 2889 1292 2925 Ideo
1308 2887 1377 2940 ipse
1397 2891 1551 2926 Peresius
1561 2889 1690 2941 Jesuita
1701 2911 1708 2926 ‚
1721 2886 1871 2923 scribens
1883 2888 1918 2921 in
1934 2897 2005 2933 cap.
2016 2895 2040 2917 τ.
2056 2878 2182 2917 Genes.

1154 2941 1310 2996 ingenue
1328 2941 1456 2980 fatetur
1473 2943 1735 2981 diffinitionem
1748 2953 1853 2991 quam
1867 2949 1990 2974 omnes
2001 2938 2018 2970 S
2023 2933 2182 2970 cholasti-

1156 3000 1187 3034 ci
1199 3022 1206 3038 ³
1218 2997 1235 3034 a
1247 2996 1453 3047 quibusdam
1469 2997 1624 3034 Patribus
1635 3007 1817 3046 acceptam
1827 2990 1978 3040 amplexi
1988 2987 2064 3024 sunt
2074 3011 2082 3027 ‚
2103 3000 2179 3024 non
2216 3017 2218 3020 ,

1155 3047 1224 3089 effe
1235 3051 1310 3088 sans
1319 3051 1471 3091 firmam,
1485 3065 1550 3088 nec
1560 3050 1682 3089 divinae
1694 3049 1870 3096 Scripturae
1882 3041 2078 3079 admodum
2092 3054 2180 3077 con-

1152 3105 1357 3144 sentaneam
1367 3129 1376 3148 ,
1386 3106 1492 3156 idque
1505 3104 1628 3140 iisdem
1638 3099 1854 3151 argumentis
1864 3108 1982 3134 motus
1990 3119 1999 3137 ,
2011 3108 2087 3148 quae
2096 3093 2178 3131 ante

1740 3154 1768 3188 C
1799 3163 1812 3196 3
2077 3147 2096 3185 a
2110 3161 2177 3185 no-
