2411 3348
591 80 1566 149 Exencrrarro·LXX11.

2097 131 2172 173 343

46 196 209 237 tempore
231 194 304 236 quo
329 189 454 233 gentes
473 173 542 213 111ae
565 187 642 227 quae
667 185 797 211 terram
815 172 1074 215 inhabitabant,
1134 175 1364 225 rapacitatem
1382 181 1416 214 ἃ·
1433 177 1686 229 tyrannidem,
1705 181 1878 222 Indorum
1894 184 2117 224 con-v’erfioni
2139 194 2175 226 &

42 233 370 295 pollebant'viribus
379 260 388 274 ,
407 244 473 269 nec
483 229 547 268 fibi
562 229 776 268 metuebant
791 227 811 266 a
821 229 881 266 tali
898 231 1073 266 mutatio-

46 311 103 336 ne.
129 298 168 332 In
179 305 249 346 quo
257 294 352 329 Deus
363 285 493 325 iteriim
509 284 622 322 voluit
637 283 747 323 fidem
765 283 958 322 Abrahami
976 298 1075 322 exer-

45 337 125 391 cere
135 374 144 392 ,
169 345 352 386 ostendens
360 343 411 380 illi
421 341 561 379 bonum
571 336 716 393 quidem
727 364 735 380 2
755 339 814 377 sed
821 339 937 377 adhuc
949 353 1074 385 remo-

45 419 140 446 tum3
156 404 193 439 in
212 414 283 453 quo
299 396 524 451 poffidendo,
545 401 578 434 &
599 391 853 448 poffefforibus
864 393 1072 436 auferendo,

43 455 220 501 „sondevis-
231 465 305 492 erat
323 452 526 492 difficultas,
556 450 616 489 sed
632 451 823 504 superanda
839 451 873 488 ei
883 475 893 492 ,
911 453 972 503 qui
988 450 1074 488 divi-

41 516 96 554 ni's
109 508 281 566 promissis
297 506 431 546 fideret.
456 506 528 545 Hic
550 508 657 560 quaeri
671 506 806 559 potest,
832 506 1009 545 Analicui
1029 504 1072 541 Ii-

41 580 120 607 ceat
138 566 267 604 alienas
285 576 390 602 terras
409 563 614 614 experiare,
635 567 668 599 ὃ(
687 561 732 601 de
751 561 948 600 earundem
958 558 1072 598 futura

37 618 253 676 Pofleffione
262 619 368 657 laetari
380 628 390 655 ?
408 619 452 655 Et
461 616 596 658 certe‚s1
605 629 718 655 nemo
727 618 843 670 potest
852 629 978 670 agrum
987 629 1071 669 pro-

28 676 185 716 ·xi1nisu1'
203 672 450 727 concupiscere
467 673 539 711 fine
548 675 620 712 Dei
629 671 848 714 offenfione,
868 685 944 711 non
955 672 1070 710 existi-

37 731 214 771 mandum
233 731 283 768 est
291 724 391 782 posse
401 728 556 780 aliquem
577 731 722 781 proprio
731 727 792 766 suo
801 740 919 766 motu,
939 727 1071 765 aliena-

37 801 119 826 rum
127 787 320 839 regionum
330 783 412 824 fibi,
436 796 496 821 aut
512 783 576 821 suis
591 782 755 822 affectare
764 784 978 822 dominium.
1004 783 1073 820 Sed

37 842 106 881 alia
125 843 216 879 ratio
227 841 294 880 est,
313 840 422 891 fiquis
437 841 570 876 nitatur
597 838 828 891 promiffione
849 844 883 877 ὃ(
899 837 1072 876 mandato

38 898 173 937 divino.
205 893 301 935 Cum
311 896 409 932 enim
419 894 572 931 Domini
581 895 622 932 fit
630 905 731 935 terra,
743 899 777 931 &
788 896 847 947 qui
864 893 1072 932 habitantia

39 965 92 992 ea,
103 952 219 1004 potest
228 949 286 987 ille
298 946 757 986 transfer-redominationes
767 954 800 986 &
816 962 938 1003 regna,
959 961 1072 1000 eaque

39 1007 176 1046 tradere
195 1003 320 1057 quibus
337 1002 439 1041 libet.
467 1002 508 1040 Id
520 1003 813 1043 testaturDaniel,
834 1017 908 1055 cap.
918 1017 950 1040 2.
965 1005 1005 1052 ψ.
1018 1015 1068 1040 21.

38 1065 167 1106 Mdtat
173 1068 323 1108 tempora
333 1055 610 1108 &tempestatem
630 1057 799 1108 transfert
813 1058 917 1107 Reges'
930 1056 976 1102 όν
993 1070 1069 1095 con-

31 1115 153 1167 stituit
169 1119 281 1163 Reges,
296 1110 371 1158 &c-
400 1113 519 1150 Potest
528 1113 637 1164 igitur
653 1114 712 1164 qui
729 1113 832 1161 justus
844 1113 893 1149 est
908 1111 1016 1160 judex
1034 1115 1069 1148 &

37 1171 204 1208 omnium
214 1169 391 1208 dominus,
411 1166 539 1215 jubere
554 1178 594 1204 ut
603 1178 737 1205 veteres
755 1169 916 1220 migrent
932 1166 1067 1206 coloni,

34 1224 324 1264 accedant‘novi,
346 1223 417 1274 qui,
435 1222 460 1259 fi
471 1223 677 1261 muniantur
685 1222 832 1260 decreto
843 1222 932 1261 Dei,
952 1225 987 1258 &
1003 1221 1069 1257 do-

35 1281 183 1318 natione
192 1277 293 1332 ipiius
305 1301 314 1318 ,
333 1271 478 1329 poffunt
494 1275 673 1315 inoffenso
682 1276 774 1329 pede
791 1289 959 1329 pergere,
983 1275 1067 1313 &fi-

33 1347 82 1373 ne
92 1332 314 1372 conscientiae
323 1331 464 1369 laefione
475 1354 484 1372 ,
507 1345 582 1369 non
595 1331 741 1384 quidem
753 1332 868 1378 aliena
885 1329 1064 1371 affeetare,

35 1388 94 1428 sed
111 1400 188 1439 quae
197 1385 361 1433 suasum,
380 1387 430 1423 ita
448 1384 592 1424 volente
608 1389 712 1427 Deo,
733 1385 919 1439 poffidere.
947 1387 1068 1426 Potuit

33 1444 144 1495 igitur
151 1439 340 1481 Abraham,
350 1439 426 1478 imo
435 1438 577 1482 debuit,
599 1441 705 1494 idque
717 1444 750 1479 ei
765 1441 859 1480 laudi
868 1440 991 1478 datum
1003 1441 1064 1482 est,

35 1496 135 1537 certo
147 1497 329 1549 expestare
339 1507 437 1534 terrae
446 1491 623 1548 promiffae
634 1491 901 1550 poffeffionem,
913 1508 1066 1548 eamque

35 1563 207 1604 tanquam
223 1549 287 1589 suis
303 1552 501 1604 propriam,
520 1563 684 1604 tempore
711 1551 936 1590 constitutoa
955 1553 1060 1592 Deo,

34 1605 202 1660 gratulari
211 1599 276 1643 suae
293 1606 508 1658 posteritati,
524 1608 610 1644 citra
627 1608 790 1656 injuriam
809 1620 956 1645 eorum,
976 1619 1065 1657 quos

34 1664 134 1700 Deus
148 1659 293 1698 volebat
310 1659 456 1713 spoliare
466 1685 476 1701 ‚
495 1673 579 1699 cum
588 1662 728 1715 indigni
746 1657 860 1700 effent
874 1661 1065 1700 habitatio-

35 1730 94 1758 ne,
105 1726 214 1769 quam
222 1713 286 1753 suis
295 1715 502 1754 criminibus
511 1716 749 1754 maculabant.

86 1771 154 1809 Sed
162 1784 238 1808 non
256 1769 384 1809 eadem
402 1771 451 1808 est
461 1772 550 1808 ratio
561 1784 689 1809 eorum
701 1767 870 1823 squi’fine
893 1769 1072 1809 mandato>

36 1825 157 1864 divino
169 1849 178 1865 ‚
200 1825 331 1862 alienas
343 1825 496 1863 ditiones
505 1824 563 1878 spe
575 1825 746 1864 devorant
756 1851 764 1867 ‚
787 1830 820 1863 &
831 1828 947 1878 quavis
964 1824 1068 1863 obla-

31 1893 68 1919 ta
78 1880 263 1917 occafione
276 1880 453 1931 diripiunt.
474 1881 757 1934 Qambitione
768 1885 801 1918 ὅ(
811 1883 951 1919 avaritia
959 1882 1069 1921 moti,

31 1936 103 1973 Dei
121 1934 302 1972 honorem
319 1933 461 1971 homini
476 1935 607 1974 misero
624 1936 802 1976 tribuunt,
833 1938 937 1988 eique
960 1948 1065 1987 pote-

31 1989 158 2041 statem
167 1988 384 2029 adscribunt,
408 2002 516 2041 quam
527 1990 570 2028 ad
579 1989 679 2029 suum
692 1990 985 2028 emolumentum
996 2001 1063 2028 tra-

33 2042 141 2086 hunt,
163 2044 256 2097 quafi
274 2038 393 2097 poss‘et
407 2057 518 2096 regna
537 2047 594 2083 cui
605 2044 689 2084 velit
704 2045 860 2086 tradere,
879 2057 918 2084 ut
935 2044 1064 2083 eadem

33 2098 153 2152 postea
161 2098 308 2151 impune
323 2098 502 2138 invadant.
534 2102 640 2139 Hanc
649 2100 713 2138 sibi
732 2103 963 2139 autoritatem
972 2099 1066 2139 usur·

33 2166 95 2207 pat
104 2152 267 2192 Pontifex
283 2156 489 2196 Romanus,
509 2157 569 2207 qui
585 2168 660 2193 non
678 2155 794 2194 solum
813 2167 980 2208 tempore
1005 2169 1067 2207 pa-

34 2220 129 2247 trum
148 2209 368 2249 nostrorum,
386 2210 501 2248 Indias
522 2210 768 2259 *occidentales
791 2216 825 2248 &
844 2224 972 2249 eorum
990 2213 1064 2248 Re-

33 2275 108 2318 ges,
131 2263 369 2316 Hispanorum
385 2265 509 2317 praedae
521 2264 693 2318 exposuit,
704 2265 869 2304 sedidem
880 2268 997 2303 etian‘r
1010 2268 1063 2303 in-

32 2331 86 2357 ter
95 2317 309 2358 Christianos
319 2318 486 2361 tentavit,
508 2326 543 2359 Β(
563 2320 770 2373 quibusdam
779 2321 914 2358 inlocis
931 2317 1062 2361 effecit,

34 2372 140 2425 opera
164 2387 291 2421 eorum
308 2376 374 2426 qui
385 2376 613 2428 tyrannidem
632 2375 729 2414 suam
747 2377 869 2429 quovis
892 2387 1067 2428 praetextu

34 2427 198 2468 dilatant,
226 2441 265 2469 ut
277 2430 448 2482 legitimis
463 2428 679 2484 principibus
704 2431 828 2469 ablatis
847 2430 1043 2469 ditionibus
1053 2458 1068 2471 ‚,

34 2483 170 2529 easjam
180 2495 330 2536 occupet
341 2486 473 2538 praedo.
502 2486 639 2524 Bullam
663 2487 869 2525 donationis
885 2486 1065 2524 indiarum

33 2532 100 2572 lib.
110 2548 135 2572 1.
146 2537 307 2576 Historiae
317 2541 510 2588 earundem
520 2541 694 2596 generalis
711 2556 786 2594 cap.
797 2555 847 2586 19.
867 2540 1063 2579 Franciscus

36 2589 156 2640 Lope,z
165 2590 207 2627 de
221 2595 527 2634 Gomarainseruit
540 2621 549 2638 ‚
569 2598 607 2634 in
618 2594 686 2650 qua
696 2596 760 2645 hec
769 2596 1062 2649 verbaleguntur3

35 2649 109 2682 Nos
121 2647 308 2682 autoritate
323 2652 390 2684 Dei
406 2654 657 2702 omnipotentis,
675 2666 746 2705 qua
762 2651 854 2690 nobis
871 2655 908 2688 in
922 2650 1063 2701 perfhna

36 2700 134 2735 Petri
151 2698 237 2734 data
248 2698 342 2748 fuit,
363 2701 487 2755 &qua
505 2708 544 2744 in
560 2706 622 2745 hoc
638 2709 768 2746 mundo
776 2706 960 2757 fruimur,
979 2717 1060 2743 tan-

36 2765 146 2805 quam
163 2754 323 2790 vicarit&
339 2756 413 2804 Iesu
431 2758 562 2809 christi
571 2785 580 2799 ,
604 2763 773 2801 donamus
793 2761 891 2801 vebia
910 2775 992 2799 cum
1008 2775 1063 2798 ea-

39 2821 118 2844 rum
130 2808 289 2866 dominio,
304 2807 460 2850 urbibus,
473 2814 622 2860 casteHis,
633 2817 718 2858 locis,
722 2821 831 2870 pagis,
839 2816 990 2864 juribus,
1006 2820 1064 2864 ju-

37 2860 306 2913 νῇάὶᾶἰοηίὂιω,
327 2860 401 2907 &a
421 2877 532 2902 omnes
546 2868 686 2916 insulas,
699 2871 744 2916 &a
764 2883 873 2911 terras
882 2874 1062 2910 commen-

35 2928 94 2957 tes,
106 2919 347 2954 inventasaut
355 2919 594 2960 inveniendas,
608 2920 680 2966 &a
711 2922 935 2978 Qverba,
954 2927 1062 2965 autfi-

33 2973 150 3012 milia,
171 2971 254 3009 edm
271 2970 421 3009 barbaro
438 2974 534 3027 Regi
550 2977 709 3012 Peruano
721 2978 937 3031 Atabalippae
955 2980 1061 3019 refer-

8 3035 14 3037 ’
37 3039 91 3064 ret
116 3024 315 3064 Monachus
339 3026 485 3078 quidam
512 3030 576 3075 (ut
591 3028 691 3067 idem
714 3043 815 3069 autor
833 3029 947 3071 narrat
966 3035 1026 3072 lib.
1037 3051 1062 3083 5.

34 3094 111 3134 cap,
125 3085 179 3131 6.)
197 3080 377 3133 respondit
394 3080 453 3120 ille
467 3105 476 3122 ,
487 3083 621 3132 senolle
635 3083 767 3122 obedire
786 3087 962 3135 Pontifici,
983 3088 1064 3127 ciam

35 3137 133 3174 daret
149 3149 218 3189 qua
228 3137 277 3176 ad
276 3136 316 3187 ſse
325 3149 391 3175 non
395 3139 620 3192 pertinerent.
650 3140 693 3179 Et
712 3139 807 3180 certe
823 3141 1064 3196 Hispanorum

1135 229 1232 267 saluti
1241 229 1399 269 multum
1409 229 1600 277 obstitisse,
1620 249 1667 274 ne
1685 238 1842 290 ipsorum
1862 241 2009 292 quidem
2026 241 2171 295 scripto-

1132 297 1186 322 res
1195 297 1339 337 negant.
1369 287 1586 326 Potestatem
1604 303 1725 331 autem
1744 293 1843 332 illam
1865 295 2025 334 tradendi
2043 297 2173 336 alienas

1133 341 1300 393 regiones
1315 340 1360 378 ab
1377 340 1528 380 homine
1551 343 1748 398 usurpatam
1759 373 1767 389 ,
1792 345 1863 387 effe
1875 354 2052 401 πκμνῖβιον
2067 355 2169 392 Anti-

1132 393 1473 436 chrffii‚De1locum
1483 397 1690 451 usurpantis,
1712 416 1755 441 ex
1775 405 1947 456 Apostolo
1961 417 2098 445 certum
2109 410 2170 446 est.

1132 448 1223 488 Non
1240 451 1357 502 potest
1373 454 1472 489 enim
1491 452 1587 491 suam
1607 454 1706 494 illam
1718 460 1961 509 portentosam
1981 459 2171 500 iiberalita-

1132 516 1207 541 tem
1217 503 1287 543 alid
1295 507 1411 544 modo
1425 504 1548 546 fulcire
1567 533 1576 550 ,
1598 511 1661 548 nifi
1672 524 1718 549 eo
1736 526 1808 564 quo
1825 512 1886 551 sub
1902 518 2080 554 vicariatus
2094 520 2166 560 Dei

1129 558 1244 611 specie
1256 583 1265 599 ,
1296 563 1420 598 omnia
1441 562 1558 601 divin-a
1576 577 1729 619 arrogat.
1752 567 1820 605 Sed
1835 582 1873 606 re
1891 569 1983 609 bene
2000 571 2169 624 perpensa

1128 628 1206 652 non
1216 616 1281 652 erit
1289 616 1433 654 vicarius
1445 619 1517 668 ejus
1529 620 1590 671 qui
1610 620 1815 660 Abrahamo
1824 622 1912 661 dixit
1923 649 1931 665 ‚
1950 626 2176 675 daboftmini'

1127 680 1189 707 tuo
1197 681 1330 709 terram
1339 671 1440 709 hanc.
1465 673 1561 712 Alius
1573 673 1640 713 fuit
1652 678 1712 728 qui
1727 678 1854 715 Matth.
1870 695 1903 726 4·
1917 680 1958 727 wls.
1973 685 2002 717 8.
2015 680 2167 722 dicebat,

1126 725 1295 775 ostendens
1311 730 1430 764 omnia
1448 741 1554 779 regna
1563 732 1690 769 mundi
1704 739 1749 778 (9-
1761 734 1910 782 gloriam
1921 747 2037 771 eorum
2047 762 2057 775 ‚
2086 742 2165 774 Hac

1127 783 1244 818 omnia
1259 780 1326 818 tibi
1341 781 1445 824 dabo,
1467 782 1542 828 &a
1567 788 1677 835 Cujus
1693 789 1898 827 vicariatum
1914 787 2079 828 Pontifici
2092 804 2169 830 non

1125 836 1338 875 invidemus.
1548 864 1558 868 »»

1181 889 1484 950 chpromittitur
1494 905 1584 932 terra
1598 899 1743 935 Canaan
1755 922 1764 939 ,
1785 898 1949 937 nondum
1967 898 2078 938 datur.
2109 903 2167 939 De

1126 954 1291 997 tempore
1312 960 1386 998 quo
1411 947 1597 1000 promissio
1620 950 1790 991 effeetum
1807 954 1847 991 fit
1869 952 2029 992 sortitura
2046 952 2168 1008 postea,

1127 1001 1194 1037 erit
1203 1000 1344 1040 dicendi
1361 1002 1460 1041 locus
1469 1030 1479 1044 ‚
1500 1004 1563 1042 ubi
1584 1004 1621 1042 id
1630 1009 1726 1046 Deus
1742 1022 1787 1046 ex
1792 1005 1951 1061 professo
1963 1009 2168 1049 Abrahamo

1126 1053 1329 1093 declarabit.
1358 1058 1399 1094 Id
1415 1057 1557 1096 tantum
1574 1059 1644 1098 hoc
1668 1062 1754 1100 loco
1771 1075 1939 1102 notamus
1951 1088 1959 1104 .
1977 1065 2002 1102 fi
2022 1064 2169 1118 promis-

1126 1108 1241 1145 fiones
1255 1108 1380 1155 divinae
1398 1111 1442 1149 de
1458 1112 1561 1151 rebus
1580 1117 1853 1168 temporalibus,
1875 1118 1965 1156 olim
1982 1120 2169 1172 propofitae

1127 1160 1270 1200 fuerunt
1277 1164 1435 1215 patribus
1445 1190 1454 1207 ‚
1470 1178 1519 1205 vut
1529 1182 1593 1220 per
1610 1165 1721 1208 varios
1733 1172 1824 1209 casus
1835 1177 1868 1210 ὃ(
1881 1172 2079 1212 discrimina
2090 1188 2169 1226 per-

1127 1229 1256 1271 gerent
1273 1220 1312 1255 in
1331 1219 1428 1258 cursu
1445 1225 1643 1260 vocationis
1660 1223 1725 1263 suae
1737 1251 1745 1267 ,
1771 1226 2057 1267 consolationem
2079 1231 2170 1266 acci-

1126 1274 1264 1324 pientes
1275 1285 1318 1311 ex
1330 1273 1387 1325 spe
1400 1272 1658 1326 promissorum
1680 1279 1863 1318 bonorum
1877 1305 1884 1322 ,
1906 1284 1986 1334 quia
1997 1295 2171 1322 noverant

1125 1329 1248 1364 Deum
1259 1322 1330 1365 effe
1340 1326 1487 1367 fidelem
1499 1346 1507 1373 ;
1519 1331 1606 1369 nihil
1616 1335 1727 1372 etiam
1737 1331 1807 1373 effe
1820 1337 1918 1388 quod
1930 1351 2004 1375 non
2016 1337 2170 1377 libenter-

1126 1380 1216 1419 ferre
1227 1380 1421 1422 debeamus
1431 1408 1441 1425 »
1459 1384 1520 1424 sub
1530 1385 1587 1438 spe
1597 1401 1673 1426 non
1684 1402 1781 1428 terrae
1795 1391 1938 1440 alicujus
1948 1406 2024 1444 quae
2035 1405 2075 1431 ut
2087 1392 2169 1445 pos-

1125 1436 1226 1474 fideri
1234 1439 1362 1489 potest,
1375 1439 1421 1477 fic
1429 1442 1546 1492 potest
1558 1445 1676 1481 amitti
1687 1460 1694 1486 ς
1715 1445 1774 1483 sed
1790 1459 1929 1485 aeternae
1939 1447 2172 1486 habitationis

1125 1494 1221 1541 cujus
1230 1494 1326 1531 Deus
1337 1507 1404 1532 nos
1413 1497 1450 1532 in
1458 1497 1569 1535 verbo
1580 1497 1642 1536 suo
1651 1512 1766 1538 certos
1776 1501 1939 1540 reddidit.
1963 1503 2063 1542 Nam
2075 1505 2170 1542 certe

1123 1546 1308 1600 promiffio
1318 1549 1375 1586 illa
1383 1552 1505 1602 potior
1517 1554 1584 1595 est,
1610 1568 1688 1606 quae
1705 1561 1739 1594 &
1754 1559 1806 1595 rei
1822 1559 1965 1606 majoris
1981 1560 2030 1597 est
2043 1584 2052 1601 ‚
2077 1563 2110 1596 ὃ(
2130 1560 2171 1596 in

1123 1615 1337 1655 perpetuum
1357 1605 1547 1648 duratum,
1575 1622 1683 1661 quam
1702 1613 1812 1653 etiam
1830 1612 1927 1666 supra
1949 1615 2168 1652 ostendimus

1126 1657 1370 1696 Abrahamum
1393 1661 1567 1714 praecipue
1599 1662 1782 1716 spectasse.
1823 1670 1909 1706 Hoc
1933 1682 2057 1706 autem
2082 1669 2168 1708 loco

1102 1720 1104 1722 ’
1125 1713 1322 1765 priusquam
1339 1715 1383 1752 ad
1394 1715 1460 1752 alia
1476 1730 1666 1769 pergamus
1677 1744 1686 1760 ,
1709 1721 1848 1759 nodum
1864 1721 2038 1761 solvemus
2059 1737 2171 1774 quem¹

1101 1797 1103 1800 ⁴
1123 1769 1264 1805 neuere
1272 1768 1408 1807 videtur
1417 1770 1535 1807 addita
1544 1772 1795 1824 huictrepetitae
1803 1776 2026 1827 promiffioni
2036 1778 2170 1815 clausu-

1127 1823 1345 1874 la,cap.13.‹g(.
1353 1837 1395 1872 15.
1426 1838 1560 1863 omnem
1576 1836 1708 1864 terram
1719 1842 1828 1879 quam
1837 1830 1937 1867 vides
1947 1830 2032 1867 dabo
2042 1831 2109 1869 tibi
2122 1831 2175 1877 &7

1117 1878 1208 1929 fimi
1229 1887 1288 1914 tuo
1308 1881 1400 1927 n‘zy'i
1425 1879 1568 1920 leolam,
1599 1883 1637 1917 in
1654 1895 1866 1934 perpetuum
1881 1908 1889 1924 ,
1926 1897 1986 1922 aut
2011 1888 2049 1922 in
2060 1875 2169 1935 ''secu-

1125 1934 1210 1971 lum.
1228 1930 1505 1971 Promiffionem
1520 1933 1610 1974 hanc
1619 1939 1810 1976 convenire
1821 1952 1904 1977 cum
1916 1951 2045 1978 eventu
2053 1941 2077 1977 fi
2087 1954 2169 1979 remv

1122 1983 1333 2041 promiffam
1350 1985 1564 2038 spectemus,
1587 1991 1738 2028 dubitari
1747 2006 1823 2030 non
1837 1995 1952 2046 potest
1965 2009 1974 2035 ;
2003 1993 2061 2033 sed
2087 2009 2167 2048 per-

1123 2043 1336 2096 petuitatem
1354 2038 1576 2093 poffeffionis
1606 2059 1683 2098 quae
1706 2050 1868 2098 promitti
1887 2049 2023 2087 videtur
2033 2074 2042 2091 ,
2081 2064 2170 2088 cum,

1123 2108 1253 2151 eventu
1261 2110 1339 2134 non
1349 2100 1553 2142 convenire,
1567 2103 1785 2153 experientia
1797 2105 1948 2144 testatur,
1961 2107 2042 2156 quia
2053 2107 2167 2143 etiam

1124 2151 1232 2191 hodie
1243 2152 1426 2204 posteritas
1435 2153 1583 2192 Abrahae
1596 2156 1640 2193 de
1653 2155 1742 2195 illius
1753 2169 1851 2195 terrae
1868 2154 2081 2211 poffeffione
2100 2160 2169 2197 de-

1122 2209 1213 2259 jJeCEta
1234 2208 1301 2247 est,
1322 2207 1417 2245 unde
1436 2208 1596 2248 dubitare
1621 2212 1698 2263 quis
1713 2208 1830 2264 poffet
1852 2213 1952 2262 hujus
1969 2214 2162 2254 locutionis

1121 2262 1321 2317 ignarus,de
1332 2264 1476 2301 veritate
1485 2266 1738 2316 promissionis.
1771 2270 1864 2322 Q
1884 2281 2006 2306 tamen
2023 2271 2163 2307 consta-

1124 2319 1195 2359 bit,
1209 2319 1234 2356 fi
1246 2318 1318 2356 duo
1330 2319 1609 2370 perpendamus„
1638 2325 1671 2358 L
1694 2321 1819 2361 Verbis
1837 2323 1921 2365 inis,
1942 2323 2049 2376 usque
2066 2328 2102 2361 in
2111 2326 2168 2374 se-

1124 2374 1262 2414 culum,
1277 2386 1353 2411 non
1362 2372 1527 2412 denotari
1537 2378 1775 2414 aeternitatem
1789 2402 1798 2419 ,
1818 2377 1876 2417 seu
1886 2377 2165 2431 perpetuitatem

1121 2427 1193 2467 fine
1203 2440 1386 2467 carentem
1396 2454 1406 2468 ‚
1424 2427 1482 2467 sed
1492 2429 1601 2468 talem
1612 2429 1688 2484 quae
1698 2431 1821 2471 durare
1833 2433 1975 2475 debuit,
1995 2433 2100 2487 usque
2120 2434 2168 2472 ad.

1121 2496 1255 2522 novam
1273 2482 1569 2524 constitutionem
1592 2487 1630 2524 in
1656 2499 1773 2540 regno
1800 2488 1938 2527 Christi.
1962 2488 2069 2528 Porro
2087 2503 2164 2526 non

1118 2538 1256 2591 semper
1264 2537 1373 2591 phrafi
1382 2538 1440 2577 illa
1449 2552 1685 2580 aetermtatem
1695 2544 1733 2579 in
1742 2541 1902 2596 scriptura
1912 2543 2163 2599 fignificari,se-

1120 2593 1309 2646 quentibus
1320 2594 1493 2646 exemplis
1501 2608 1610 2648 patet.
1637 2610 1650 2634 1
1665 2600 1756 2634 Sam.
1765 2611 1789 2635 1.
1799 2600 1841 2647 ψ.
1854 2614 1906 2637 22.
1935 2605 2038 2638 Anna
2047 2599 2090 2636 de
2100 2597 2161 2635 sno

1118 2647 1256 2688 infante
1275 2649 1436 2688 Samuele
1453 2650 1614 2692 dicebat,
1635 2657 1718 2690 Non
1738 2653 1922 2703 fflscendam
1938 2655 2039 2691 donec
2049 2653 2162 2704 fiterit

1117 2704 1313 2743 ablabi‘atus
1320 2714 1411 2756 puer
1421 2720 1429 2747 3
1443 2717 1529 2744 tunc
1539 2708 1714 2746 adducam
1728 2721 1807 2746 eum
1817 2719 1859 2746 ut
1868 2718 2027 2759 appareat
2037 2711 2073 2745 in
2085 2721 2160 2743 con-

1112 2761 1227 2812 spectu
1239 2760 1373 2799 lehovae
1382 2764 1421 2798 in
1428 2762 1600 2812 ficulum,
1617 2762 1655 2802 id
1664 2764 1713 2800 est
1726 2788 1734 2805 ‚
1747 2764 1916 2816 quamdin
1926 2765 2057 2803 vixerit,
2070 2775 2164 2812 quo--

1119 2816 1235 2854 inodo
1246 2816 1414 2858 dicimus,
1436 2831 1499 2855 ero
1509 2817 1575 2855 tibi
1590 2817 1763 2871 perpetuo
1773 2819 1882 2856 servus
1894 2843 1901 2858 ,
1921 2829 1980 2855 aut
1990 2817 2161 2853 addictus..

1117 2874 1171 2909 Sic
1183 2874 1288 2909 Deut.
1304 2885 1348 2920 15.
1362 2873 1404 2920 ψ.
1417 2885 1466 2918 17.
1493 2872 1610 2911 Moses
1621 2873 1663 2911 de
1674 2872 1853 2911 afflixione
1862 2871 1956 2910 servi,
1969 2869 1987 2906 ἑ
1996 2869 2156 2905 servitute

1119 2927 1213 2965 exire
1223 2927 1379 2976 nolentis
1391 2951 1398 2967 ,
1412 2928 1497 2966 dicit
1507 2952 1516 2968 ,
1533 2927 1577 2974 ὠ·
1589 2931 1654 2965 erit
1666 2927 1732 2964 tibi
1742 2927 1870 2975 servus
1879 2927 1917 2960 in
1920 2922 2086 2971 seculum.
2101 2924 2154 2957 Ita

1118 2983 1259 3020 Samuel
1270 2982 1520 3020 dicebatSauIi.
1551 2986 1664 3019 iSam.
1687 2994 1728 3025 13.
1752 2982 1790 3025 5⁷).
1811 2991 1852 3022 13.
1884 2982 1961 3012 Iam
1980 2985 2066 3011 certe
2078 2974 2150 3022 sta-

1120 3036 1284 3086 biliviffet
1294 3037 1428 3074 lehova
1437 3049 1580 3086 regnum
1591 3047 1693 3072 tuum
1703 3032 1796 3080 ,gaud
1801 3030 1971 3079 Israelem,
1992 3041 2014 3063 u
2010 3027 2097 3078 sque
2114 3030 2152 3063 in

1103 3087 1290 3140 ⁴fisculum,
1303 3092 1338 3127 id
1350 3093 1397 3128 est
1408 3116 1416 3131 ‚
1432 3103 1571 3140 tempus
1582 3090 1794 3125 diuturnum.
1825 3086 1875 3119 ΙΙ.
1907 3082 1947 3118 Id
1960 3084 2067 3118 etiam
2083 3094 2151 3118 no-

1121 3147 1184 3184 tari
1195 3145 1303 3185 debet
1313 3168 1322 3187 ,
1343 3144 1429 3198 saepe
1440 3157 1514 3195 qua:
1528 3143 1603 3181 sunt
1614 3141 1762 3178 veritatis
1772 3160 1780 3178 ,
1795 3137 1899 3175 tribui
1914 3148 2011 3188 typo.
2037 3139 2150 3196 Atque

2103 3201 2159 3227 itae
