2411 3348
11 136 26 145 t
558 105 1252 154 *Exercet-tarro

0 214 1 219 ,
34 185 161 242 poffimt
171 186 328 230 occidere,
350 183 641 231 Matthaoyass.
665 183 784 223 Sensus
802 187 851 224 est
859 185 1066 239 perspicuus,

37 241 130 280 idem
143 242 240 281 enim
250 240 323 278 vult
332 237 429 290 quod
438 251 486 290 po
493 236 561 275 ste&
570 237 644 275 aliis
654 238 767 276 verbis
778 263 788 280 ‚
809 244 865 278 Ne
882 241 1068 292 effundatis

25 292 258 346 Janguinem5
285 295 374 337 item
389 315 400 332 ‚
420 296 475 329 Ne
491 303 638 329 manum
646 295 798 331 mittatis
806 297 845 332 in
860 307 950 332 eum.
979 295 1065 334 Hoc

33 349 152 400 igitur·
166 345 321 399 primum
345 344 418 383 vult
436 346 625 397 impetrare
637 370 646 386 2
667 359 705 384 ut
722 349 801 384 vitae
821 348 894 395 ejus
909 361 1065 398 parcant,

32 398 155 439 {altem
177 412 223 437 ne
240 399 302 451 ipfi
321 397 503 444 carnifices
517 398 714 447 ,fintfratris
732 399 792 442 sui.
822 403 986 454 suggerit
1003 415 1064 439 au-

32 465 110 494 tem
120 452 213 499 aliud
224 452 408 491 confilium
420 479 429 494 ‚
453 465 490 492 ut
500 465 584 492 eum
597 454 634 490 in
655 454 839 492 cisternam
859 456 1062 503 conjiciant,

24 520 76 557 'ex
85 519 153 559 qua
178 506 262 544 cum
280 519 466 560 emergere
484 521 558 544 non
576 503 713 559 posset,
734 505 831 545 fame
848 513 882 546 &
899 509 1016 546 inedia
1031 511 1065 547 ei

18 555 123 602 ,esset
139 560 382 612 pereundum:
415 560 511 612 quod
531 561 715 599 confilium
733 575 797 613 per
814 561 848 600 se
866 562 1064 600 confidem-

28 625 122 667 μω,
146 619 180 653 &
194 614 385 665 quomodo
393 613 438 652 ab
448 614 521 653 aliis
530 613 693 654 fratribus
703 613 770 654 fuit
776 626 976 668 acceptum,
987 629 1063 654 non

25 669 148 707 'minus
166 679 269 706 atrox
293 669 342 706 est
362 670 481 720 priori.
519 669 618 720 Qijd
635 670 734 708 enim
749 667 858 707 refert
874 669 1063 721 quomodo

30 723 109 774 quis
117 733 282 761 necetur,
311 721 490 774 gladione,
502 735 546 760 an
560 721 669 764 fame,
685 737 730 762 an
746 722 813 760 alia
823 726 939 775 quavis
955 725 1062 762 ratio-

29 788 78 815 ne
91 799 101 817 ‚
120 776 148 813 fi
155 788 254 813 mors
271 775 524 829 consequatur?
547 778 628 814 Iino
642 774 729 829 saepe
739 779 923 830 repentina
941 789 1062 816 morte

4 867 7 869 ,
29 829 189 868 interimi
206 829 310 867 satius
327 831 396 871 est,
422 830 527 882 quam
537 831 632 868 lenta
643 843 782 871 morte,
804 829 993 884 praesertim
1008 829 1062 868 fa·-
1080 882 1084 884 v

29 895 92 922 me
114 886 248 935 perire,
268 884 382 935 qua-lis
397 884 555 937 Josepho
574 881 804 937 contigisset,
823 886 848 922 fi
862 887 899 922 in
917 886 1063 923 cisterna

27 934 218 990 mammet,
233 941 294 989 qui
303 937 419 976 multo
435 940 550 989 magis
558 937 665 975 semel
674 940 768 977 mori·
777 934 1062 992 elegiffet,quam

4 990 129 1029 &mille
148 990 327 1028 mortibus
346 990 481 1028 absumi
497 1004 560 1041 per
585 992 722 1040 aliquot
741 991 826 1029 dies,
862 996 915 1029 Ut
931 991 1061 1030 merit&

28 1043 219 1092 rejicienda
228 1043 269 1081 fit
290 1044 367 1080 talis
375 1042 576 1094 sophistica»
596 1056 703 1094 quam
715 1045 914 1081 etiamnum
933 1058 1060 1096 appro-

31 1094 262 1149 bantJudaei5
284 1109 359 1133 non
373 1097 419 1133 ita
430 1108 532 1134 reum
544 1090 614 1133 esse
624 1098 768 1136 mortis,
789 1109 848 1147 qui
857 1098 961 1136 alicui
980 1112 1061 1135 cau-

14 1151 102 1196 ,sam
120 1150 364 1188 inevitabilem
387 1150 564 1188 moriendi
584 1149 739 1201 praebet,
760 1150 865 1202 quiim
874 1154 934 1211 qui
947 1165 1009 1202 per
1028 1151 1061 1188 se

25 1203 236 1259 sanguinem
246 1202 372 1242 fundit.
403 1205 497 1257 Ergo
506 1201 838 1255 perniciofiffimum
847 1200 966 1243 fu‘ifl’et
983 1208 1060 1243 Ru-

29 1259 114 1297 beni
131 1259 250 1297 confili'
256 1271 316 1296 um
328 1285 339 1302 ‚
363 1259 388 1297 fi
398 1259 433 1295 id
445 1272 490 1297 eo
502 1260 625 1295 animo
638 1255 862 1297 consuluisset
873 1283 882 1300 ‚
902 1271 941 1297 ut
956 1259 1061 1297 miser

25 1313 198 1366 Josephus
210 1315 305 1351 vivus
326 1316 361 1351 in
373 1313 517 1352 cisterna
531 1312 740 1363 sepeliretur.
762 1313 827 1351 Sed
837 1314 1058 1365 propositum

17 1361 99 1415 ¹ejus
114 1369 272 1420 aperiens
283 1369 554 1420 Scriptura‚eum
567 1368 675 1403 etiam
686 1366 858 1405 absolvit-*i
870 1358 1056 1405 fratris‘tcae-

27 1421 72 1459 de
90 1423 274 1459 intentata.
316 1423 414 1459 Dicit
434 1424 532 1459 enim
549 1418 724 1472 primum,
744 1419 811 1458 hac
832 1423 971 1459 ratione
989 1424 1056 1458 eri-

22 1475 125 1526 puisse
140 1476 241 1513 illum
260 1475 277 1512 ὲ
295 1488 405 1513 manu
415 1489 531 1514 eorum
543 1499 552 1516 ‚
573 1475 669 1526 quod
686 1486 768 1512 ante
779 1477 903 1513 omnia
921 1474 1057 1514 facien—

26 1531 113 1567 dum
128 1542 200 1567 erat
214 1554 221 1570 ‚
241 1530 379 1567 nullum
391 1532 489 1566 enim
501 1527 619 1581 postea
629 1528 803 1580 reliquum
813 1525 931 1567 fuiffet
940 1542 1056 1568 reme—

25 1585 127 1621 dium
139 1608 148 1624 ,
175 1583 271 1634 quod
289 1595 448 1634 paratum
466 1583 497 1620 se
508 1585 641 1635 putavit
658 1582 788 1621 habere
800 1608 812 1626 ,
829 1583 854 1620 fi
865 1584 948 1627 effi
958 1585 993 1620 in
1004 1586 1055 1622 ci-

25 1637 139 1675 stema
148 1637 390 1688 deponerent,
409 1639 470 1674 etsi
481 1638 684 1675 intentione
696 1637 870 1689 perversa3
890 1640 972 1689 quia
987 1638 1055 1674 sta-

26 1702 141 1728 tuerat
157 1703 240 1727 eum
255 1690 419 1730 liberare,
448 1696 480 1728 &
492 1692 536 1728 ad
554 1703 738 1743 parentem
756 1694 956 1732 remittere,
976 1704 1053 1729 ere-

25 1757 129 1797 ptum
141 1743 332 1781 fratricidis.
357 1743 573 1797 Josephusin
584 1745 849 1796 antiquitatibus
861 1770 870 1786 ‚
893 1745 1054 1783 Rubenis

24 1799 211 1837 confilium
225 1797 416 1849 amplificat
426 1800 589 1839 oratorie,
605 1804 638 1836 ὅ(
649 1802 679 1837 ei
693 1799 804 1838 multa
814 1799 950 1843 tribuit,
964 1812 1054 1852 quo-

24 1866 105 1890 rum
122 1852 218 1890 nulla
238 1853 285 1890 est
307 1849 464 1903 expressa
484 1854 575 1904 apud
592 1853 734 1890 Mosem
756 1856 896 1891 mentio
908 1870 919 1897 3
939 1857 1053 1891 intro-

25 1907 323 1959 duciteni'meum
341 1906 447 1944 scelus
470 1907 558 1945 illud
568 1920 857 1960 exaggerantem,
884 1908 1053 1956 &judicia

24 1963 96 1998 Dei
126 1962 411 1998 annunciantem.
456 1964 575 1999 Potuit
593 1963 739 2012 quidem
755 1962 908 2014 pluribus
942 1961 1053 2000 verbis

25 2011 135 2067 egiffe
146 2016 235 2067 apud
247 2013 387 2055 fratres„
408 2014 464 2052 sed
483 2028 603 2052 tamen
622 2015 738 2052 Moses
755 2016 917 2067 expressit
937 2016 1052 2054 confi-

24 2069 62 2106 lii
79 2071 150 2117 ejus
167 2069 342 2107 summam
354 2074 387 2106 &
404 2067 527 2106 finem.
560 2069 755 2107 Laudabilis
765 2068 830 2108 fuit
849 2073 920 2118 ejus
937 2072 1052 2107 inten-

25 2125 98 2166 ti05
119 2138 184 2161 nec
193 2127 302 2162 etiam
315 2125 386 2171 ejus
398 2125 613 2175 exequendae
624 2125 713 2161 ratio
724 2124 894 2177 culpanda
904 2123 1051 2163 videtur,

25 2181 105 2229 quia
123 2178 313 2229 prudenter
322 2179 416 2230 egit,
442 2191 485 2215 ex
497 2178 635 2215 duobus
655 2177 755 2216 malis
771 2179 905 2230 eligens
918 2180 1048 2217 minus,

23 2231 153 2283 loquor
171 2232 334 2268 demalis
352 2230 550 2269 afflictionis
570 2231 733 2283 Josephi',
757 2234 937 2284 praestabat
953 2233 1052 2269 enim

23 2285 68 2324 ad
94 2284 236 2336 aliquod
256 2297 394 2336 tempus
416 2298 500 2322 eum
534 2298 672 2322 carcere
699 2285 854 2323 cisternae
878 2286 1049 2332 detineri,

25 2337 129 2392 quam
152 2341 254 2376 fivita
264 2340 297 2375 ei
316 2338 502 2376 crudeliter
519 2334 636 2375 fuisset
656 2336 796 2375 sublata.
828 2342 911 2392 Qia
927 2351 1050 2376 autem

23 2395 162 2431 ratione
174 2392 295 2430 adhoc
318 2391 475 2429 officium
486 2404 669 2444 permotus
686 2390 792 2429 fuerit
800 2393 932 2430 Ruben
944 2419 954 2432 ‚
973 2405 1050 2429 non

23 2447 136 2485 otiose
146 2448 340 2498 inquiritur.
372 2449 427 2483 De
438 2449 551 2497 prima
561 2445 656 2483 causa
666 2458 740 2482 non
752 2445 857 2495 loqu-e
867 2461 890 2486 ς,
905 2447 940 2483 id
951 2449 1049 2484 enim

24 2503 123 2538 Deus
142 2501 370 2552 gubernavit,
393 2502 454 2551 qui
471 2499 661 2537 hominum
686 2501 793 2536 corda
810 2498 918 2538 fleffi't
945 2497 1052 2551 prout

24 2556 109 2597 vult‚·
130 2555 185 2592 sed
196 2555 239 2592 de
250 2555 376 2592 mediis
388 2553 511 2605 quibus
521 2554 565 2591 ad
575 2554 610 2591 id
620 2553 872 2604 suscipiendum
885 2554 1049 2592 adduffixs

25 2611 85 2647 est.
120 2611 239 2646 Potuit
255 2608 291 2645 id
308 2608 600 2660 sibiproponere‚
628 2608 787 2645 oblatam
806 2603 877 2645 effe
897 2608 1051 2646 occasio-

25 2677 111 2701 nem
132 2676 199 2714 qua
218 2674 352 2712 patrem
370 2661 432 2698 fibi
450 2663 674 2702 conciliaret,
696 2661 781 2709 juste
792 2659 966 2699 offensum
978 2661 1051 2699 sce-

23 2718 96 2755 lere
116 2717 258 2767 quodin
276 2715 407 2752 incestu
427 2728 637 2766 patraverat,
657 2728 760 2766 atque
778 2718 826 2753 ita
839 2715 967 2753 servata
985 2718 1051 2768 Jo-

24 2771 119 2823 sephi
133 2768 213 2810 vita,
232 2767 459 2817 factumilliid
469 2772 560 2820 prius
572 2768 785 2807 obliteraret.
814 2772 932 2807 Potuit
941 2772 1050 2807 etiam

25 2826 89 2865 sibi
100 2836 281 2862 metuere,
300 2834 344 2858 ne
355 2823 414 2873 qui
425 2821 531 2860 semel
541 2824 575 2858 in
584 2821 679 2860 male
689 2821 782 2860 fatto
797 2822 911 2861 fuerat
925 2823 1051 2874 depre-

24 2879 159 2922 hensm,
180 2879 266 2915 fires
281 2876 323 2913 ad
341 2876 444 2927 patris
463 2876 629 2912 notitiam
643 2878 796 2917 veniret,-
817 2877 917 2928 culpa
933 2878 1048 2927 praeci-

25 2932 92 2986 pue
112 2935 143 2971 ei
164 2933 415 2985 imputaretur,
435 2931 589 2981 quinatu
605 2931 718 2977 major
737 2925 842 2969 effet,
861 2935 894 2968 <St
911 2929 967 2967 sua
987 2943 1050 2967 au-

26 2990 168 3030 toritate
185 2985 272 3022 alios
291 2985 481 3035 reprimere
499 2980 683 3020 debuisset.
723 2984 814 3033 Qae
840 2995 1050 3035 argumenta

26 3055 101 3079 non
112 3052 183 3078 tam
196 3039 318 3076 odium
330 3037 413 3074 mali
423 3040 456 3075 in
468 3036 500 3075 se
509 3032 744 3089 respexiffent,
764 3036 868 3085 quam
879 3039 1048 3088 privatam

25 3095 237 3134 utilitatem,
264 3093 318 3133 vel
340 3092 544 3131 detrimenti
561 3089 888 3144 apprehensionem.
926 3091 1048 3128 Existi·

1336 87 1643 156 CXLV114'
2036 131 2148 172 -721

1133 200 1270 226 marem
1281 186 1413 227 fanum
1429 188 1518 227 illius
1537 193 1573 228 in
1589 188 1779 230 meliorem
1796 202 1935 245 partem
1952 188 2024 232 effe
2041 191 2152 232 inter-

1133 242 1357 293 pretandum.
1388 242 1573 282 Nainaetfi
1591 258 1688 282 caeco
1710 244 1831 285 furore
1855 258 1973 298 raptus
1986 246 2093 286 fflerit
2112 249 2152 286 in

1133 296 1307 332 incestum
1315 293 1422 335 ‚¹fieri
1430 306 1549 333 tamen
1559 300 1676 347 potuit
1685 323 1693 338 ‚
1711 311 1750 337 ut
1758 301 1834 351 post
1843 303 2000 353 agnitam
2010 300 2152 353 culpam

1133 348 1177 385 ad
1195 347 1318 386 seriam
1333 351 1581 400 poenitentiam
1597 351 1893 397 adduelussfueriu
1918 368 1986 393 nec
1995 356 2056 406 qui
2075 368 2153 392 uno

1133 402 1239 442 virio,
1257 413 1341 453 puta
1349 402 1494 439 luxuriae
1502 415 1562 440 aut
1579 404 1751 446 libidinis,
1769 407 1957 449 laboravit,
1978 407 2152 446 continu&

1133 455 1207 492 aliis
1216 456 1306 492 vitiis
1316 454 1493 493 obnoxius
1509 455 1629 494 haberi
1639 457 1758 497 debet.
1781 463 1901 498 Potuit
1910 464 2028 513 itaque
2038 465 2151 500 etiam

1131 507 1257 546 natura
1266 507 1286 546 ὲ
1295 507 1446 546 caedibus
1454 514 1488 547 &
1503 508 1675 551 effufioue
1685 511 1857 564 sanguinis
1866 514 2063 555 abhorrere,
2073 515 2151 553 imd

1132 564 1244 600 etiam
1257 586 1266 603 ,
1285 563 1367 613 quia
1381 563 1458 614 post
1475 565 1736 614 poenitentiarn,
1747 566 1855 604 voluit
1870 580 1991 606 cavere
2008 571 2076 605 Dei
2093 568 2150 606 of-

1132 615 1344 654 fenfionem.
1371 615 1452 654 Nec
1461 617 1699 669 improbabile
1708 619 1853 660 videtur,
1869 622 1965 671 quod
1980 621 2148 674 Josephus

1131 672 1295 710 monuit,
1314 682 1399 708 eum
1415 672 1508 722 prius
1523 667 1900 725 voluiffe'argumentis
1912 673 2059 712 fratresa
2073 690 2147 714 cru-

1131 723 1201 761 deli
1218 723 1476 763 deliberatione
1486 724 1662 763 retrahere
1671 741 1683 768 3
1702 725 1759 764 sed
1775 725 1859 764 crim
1876 727 2008 765 videret
2023 728 2057 765 se
2073 743 2148 766 non

1129 775 1230 829 posse
1246 778 1284 815 id
1297 777 1462 816 obtinere
1473 806 1483 821 ,
1503 778 1546 815 ad
1556 779 1643 817 illud
1657 780 1867 833 stratagema
1884 781 1917 818 se
1927 779 2145 820 convertisse:

1130 837 1164 869 &
1180 830 1275 869 certe
1292 844 1369 883 quae
1385 831 1517 883 postea,
1528 845 1604 884 cap.
1616 835 1790 881 μήκη.
1809 833 1973 873 fratribus
1988 833 2144 888 regeffir,

1128 884 1299 925 indicant,
1318 898 1401 922 eum
1422 887 1526 922 initio
1540 884 1702 927 fratribus
1710 887 1743 925 se
1761 885 1957 940 opposuisse
1974 901 2147 940 quantum

1128 941 1264 990 potuit,
1288 942 1422 978 Nonne,
1433 940 1558 991 inquit,
1568 940 1770 990 alloquebar
1778 943 2006 982 vosdz‘cmdo,
2025 952 2146 992 ›repec-

1129 994 1210 1029 cetis
1225 995 1264 1030 in
1274 994 1377 1042 istum
1395 993 1635 1043 adolescentem
1645 1001 1661 1030 ,²
1674 994 1738 1044 fid
1743 1008 1810 1032 non
1817 996 2043 1046 auscultastis.
2070 1002 2145 1048 Ap-

1128 1058 1226 1097 paret
1237 1046 1294 1084 hic
1311 1046 1488 1098 singularis
1496 1049 1565 1085 Dei
1574 1048 1803 1098 providentia.
1828 1047 1924 1087 Cum
1941 1051 2040 1087 enim
2056 1050 2148 1088 nulli

1129 1094 1479 1150 effentinterJacobi
1488 1099 1599 1140 filios,
1618 1114 1707 1151 quos
1718 1105 1831 1154 magis
1841 1099 2003 1154 tangeret
2019 1116 2143 1141 contra

1127 1151 1322 1203 Josephum
1332 1152 1522 1193 aernulatm,
1541 1153 1645 1205 quam
1655 1153 1745 1192 filios
1758 1158 1847 1196 Leae,
1866 1155 2014 1208 quicum
2027 1159 2142 1204 majo-

1128 1218 1183 1243 res
1204 1201 1318 1243 effent
1332 1211 1367 1244 &
1391 1220 1435 1243 ex
1453 1206 1563 1244 libera
1581 1210 1674 1249 nati,
1699 1211 1938 1261 impatientius
1962 1209 2138 1255 ferebant,

1128 1259 1266 1297 somnia
1286 1259 1444 1313 Josepho
1468 1262 1680 1312 protendere
1694 1262 1895 1315 supremum
1912 1266 2004 1302 inter
2019 1263 2138 1302 fratres

1125 1314 1288 1365 gradum,
1299 1313 1429 1352 Ruben
1439 1327 1557 1352 autem
1567 1317 1593 1352 is
1602 1312 1689 1354 effet
1697 1319 1789 1364 cujus
1798 1317 2138 1358 maximeintererat,

1125 1373 1159 1405 ὃ(
1176 1370 1235 1419 qui
1255 1368 1305 1406 ob
1321 1367 1427 1405 scelus
1452 1365 1640 1405 admissum
1659 1373 1823 1408 omnium
1838 1370 2063 1422 nequiffimus
2090 1372 2140 1407 vi-

1125 1422 1291 1463 debatu15
1307 1421 1401 1461 hunc
1411 1424 1638 1461 tamenneus
1648 1426 1846 1461 excitaverit
1856 1427 1912 1476 qui
1922 1425 2139 1476 reliquorum

1124 1478 1290 1514 omnium
1307 1477 1593 1523 conjurationem
1612 1475 1676 1514 suis
1696 1478 1846 1515 consiliis
1865 1474 2044 1516 everteret.
2083 1481 2139 1517 Sic

1123 1532 1302 1568 Dominus
1311 1532 1410 1568 novit
1419 1544 1462 1567 ex
1470 1529 1625 1574 hostibus
1633 1530 1696 1568 suis
1705 1544 1746 1568 ex
1752 1534 1870 1572 citare,
1879 1545 1941 1584 per
1951 1544 2037 1582 quos
2050 1544 2140 1569 con-

1123 1584 1194 1622 filia
1210 1597 1338 1622 eorum
1357 1582 1514 1636 dissipet,
1537 1589 1570 1621 δι’
1586 1583 1650 1622 suis
1668 1586 1776 1623 etiam
1797 1586 1983 1624 conciliare
2001 1585 2140 1622 clande-

1121 1638 1228 1676 stinos
1237 1639 1371 1676 amicos
1381 1662 1390 1678 ,
1405 1641 1465 1689 qui
1475 1639 1603 1685 injustis
1611 1638 1760 1696 aliorum
1773 1640 2139 1690 confiliisrepugnent,
2194 1657 2198 1664 ¹

1121 1704 1181 1731 aut
1191 1699 1231 1730 e'a
1243 1705 1315 1730 arte
1326 1693 1478 1744 quadam
1489 1692 1639 1729 eludant.
1649 1695 1702 1731 Sic
1711 1696 1747 1730 in
1758 1693 1834 1731 aula
1844 1692 1976 1730 Achabi
1985 1693 2138 1730 Abdiam

1120 1744 1286 1783 suscitavit
1290 1763 1299 1788 ς
1312 1748 1347 1783 in
1359 1746 1435 1783 aula
1444 1744 1612 1784 Zedekiae
1624 1746 1925 1784 Abdemelechum
1931 1761 1941 1787 ς
1952 1747 2043 1783 inter
2052 1744 2139 1783 Pha·

1120 1799 1232 1837 risaeos
1250 1799 1541 1838 Nicodemum&
1553 1800 1803 1839 Gamalielem.
1827 1799 1958 1837 Similia
1974 1799 2138 1851 exempla.

1115 1852 1270 1906 -proferri
1280 1849 1424 1906 poffunt
1432 1866 1476 1890 ex
1486 1865 1690 1905 temporum
1700 1854 1898 1891 nostrorum
1909 1852 2058 1890 historia.

1172 1908 1302 1945 Eorum
1313 1919 1433 1944 tamen
1443 1907 1689 1944 truculentiam
1699 1921 1772 1944 non
1785 1905 1935 1949 excusat,
1954 1906 2050 1958 quod
2060 1918 2137 1944 tan-

1121 1961 1204 1999 dem
1224 1961 1256 2000 se
1265 1962 1356 1998 flesti
1375 1961 1489 1998 finunt
1506 1959 1638 1997 ultimis
1655 1960 1799 1998 Rubeni'
1816 1960 2025 2000 rationibus,
2046 1965 2080 1998 &
2097 1962 2135 1996 iri

1122 2010 1195 2063 ejus
1212 2015 1422 2053 sententiam
1446 2026 1573 2051 omnes
1595 2014 1747 2051 abeunt:
1772 2025 1895 2051 manet
1912 2016 2064 2052 enimin
2084 2015 2135 2050 eis

1121 2070 1244 2106 odium
1257 2082 1340 2122 erga
1349 2067 1492 2107 fratrem
1502 2094 1514 2111 ,
1536 2073 1569 2105 δε
1580 2080 1747 2119 quatenus
1757 2069 1792 2104 in
1803 2068 1877 2119 ipfis
1890 2079 1973 2107 erat,
1982 2067 2051 2105 lata
2060 2078 2136 2104 erat

1119 2125 1244 2160 mortis
1262 2122 1433 2160 sententia
1451 2121 1604 2159 adversus
1624 2120 1816 2174 Josephum
1832 2146 1841 2162 ‚
1861 2134 1965 2172 quam
1983 2134 2057 2158 non
2079 2133 2135 2158 re-

1119 2175 1333 2226 scindebant,
1359 2176 1420 2213 etsi
1429 2176 1535 2213 aliam
1543 2177 1629 2213 inire
1639 2175 1766 2212 vellent
1777 2177 1952 2212 rationem
1960 2187 2042 2212 eum
2053 2187 2134 2226 per-

1121 2230 1228 2268 dendi
1249 2247 1260 2273 ς
1290 2236 1324 2270 &
1349 2232 1508 2281 quamvis
1526 2229 1720 2267 abstineant
1744 2228 1789 2266 ab
1814 2226 2032 2266 effundendo
2061 2229 2135 2274 ejus

1120 2284 1286 2337 sanguine
1304 2308 1314 2324 ‚
1344 2297 1386 2322 ea
1403 2296 1523 2321 tamen
1541 2281 1697 2325 faciunt,
1725 2295 1802 2334 quat
1826 2294 1953 2319 eorum
1976 2293 2134 2333 exagge-

1119 2350 1198 2375 rant
1222 2338 1476 2376 crudelitatem.
1507 2337 1606 2376 Nam
1627 2335 1823 2388 priusquam
1844 2348 1927 2373 eum
1947 2333 2136 2373 demittant

1119 2405 1155 2428 in
1176 2389 1335 2431 foveam,
1357 2390 1506 2443 spoliant
1526 2391 1616 2428 veste
1634 2389 1873 2441 illlivariegat&
1886 2413 1895 2429 ⁷
1917 2400 2023 2440 quam
2040 2388 2135 2425 velut

1118 2445 1247 2482 amoris
1255 2448 1392 2497 paterni
1413 2445 1656 2482 testimonium
1672 2443 1822 2495 gerebat
1833 2467 1841 2480 ‚
1866 2456 1932 2480 nec
1942 2454 2004 2479 eos
2020 2444 2134 2478 movit

1118 2498 1204 2536 senis
1211 2500 1363 2550 parentis
1372 2496 1570 2535 sollicitudo
1582 2521 1591 2539 ‚
1615 2498 1709 2545 cujus
1723 2497 1936 2534 indiciumin
1947 2494 2049 2531 fmrre
2057 2495 2133 2532 sub-

1117 2553 1227 2590 latum
1239 2553 1372 2592 volunt.
1404 2551 1442 2588 ld
1453 2550 1547 2589 certe
1557 2565 1631 2589 non
1645 2553 1762 2602 potuit
1780 2551 1870 2588 abiis
1888 2548 1961 2590 fieri
1977 2549 2047 2585 fine
2064 2549 2131 2584 mi—
2171 2591 2177 2595 ‚

1116 2606 1191 2644 seri'
1200 2605 1427 2644 adolescentis
1446 2604 1587 2642 summo
1605 2615 1705 2642 metu
1722 2609 1754 2642 &
1771 2616 1904 2656 angore
1919 2603 2045 2642 animi3
2065 2612 2129 2637 nec

1116 2659 1205 2698 illud
1224 2661 1352 2712 exequi
1372 2667 1583 2711 potuerunt,
1604 2659 1665 2695 nifi
1684 2659 1783 2710 gestu
1807 2657 1891 2694 saevo
1910 2661 1942 2693 ὅ(
1965 2654 2119 2707 barbaro:

1116 2719 1226 2752 Vetus
1239 2716 1419 2766 interpres,
1440 2713 1500 2750 etfi
1510 2712 1636 2751 eadem
1646 2712 1685 2748 fit
1694 2725 1760 2748 vox
1771 2723 1874 2762 quam
1886 2706 1983 2745 antea
1994 2706 2125 2764 expret-

1116 2767 1157 2805 fit
1173 2767 1374 2818 fimpliciter
1388 2765 1562 2804 vocabulo
1565 2766 1728 2818 polymita
1739 2788 1748 2804 ›
1765 2764 1822 2802 bic
1836 2764 1938 2800 etiam
1957 2757 2049 2793 addit
2066 2765 2122 2790 ta-

1116 2821 1232 2864 larem,
1253 2821 1291 2857 Id
1302 2819 1446 2871 quidem
1457 2831 1578 2856 verum
1591 2819 1650 2858 est,
1662 2818 1766 2855 vestes
1777 2813 1992 2852 orientalium
2002 2808 2124 2857 longas

1116 2870 1328 2921 fuiffe‚cujus
1340 2875 1389 2910 rei
1399 2872 1508 2910 caussfz
1519 2874 1577 2924 qui
1586 2871 1629 2909 ad
1639 2872 1704 2908 iter
1711 2868 1742 2906 se
1752 2859 2123 2916 accingebanndebue-

1083 2931 1087 2940 *
1116 2925 1336 2964 runtlumbis
1351 2922 1728 2964 succintusffncedere,
1746 2933 1816 2956 non
1825 2924 1980 2967 putarem
2003 2923 2124 2949 tamen

1117 2982 1159 3018 ad
1171 2979 1257 3017 talos
1267 2979 1311 3018 us
1307 2993 1374 3031 que
1393 2975 1495 3017 fuiffe
1503 2972 1675 3015 demissas.
1698 2972 1764 3029 Sub
1776 2970 1860 3005 veste
1870 2966 1926 3003 illa
1934 2959 2033 3002 fiiisse
2042 2965 2122 3024 alias

1116 3048 1177 3085 par
1187 3033 1236 3069 cst
1246 3034 1387 3070 credere
1400 3047 1410 3073 ς
1428 3045 1502 3069 non
1514 3032 1609 3068 enim
1620 3022 1796 3064 verifimile
1807 3021 1863 3059 est,
1879 3018 2010 3055 nudum
2022 3014 2121 3054 fuisse

1116 3086 1314 3140 projeaestum
1332 3088 1370 3125 in
1389 3087 1571 3124 cisternam
1583 3105 1591 3120 ‚
1614 3078 1666 3114 vel
1683 3077 1787 3114 etiam
1797 3071 1913 3125 postea
1927 3070 2056 3108 nudum
2071 3068 2120 3129 ‘ab

1556 3136 1617 3181 Yy
1631 3144 1651 3181 y
1664 3143 1686 3180 y
1944 3122 2121 3161 ismaelitis
