2411 3348
240 94 265 133 9
275 95 301 123 0
799 130 802 133 .

234 147 400 186 humanae
416 148 543 184 animat
561 156 702 198 apparet
713 169 721 185 ‚
741 156 825 182 cum
842 142 929 182 nihil
946 143 1009 181 nifi
1024 143 1158 184 affabre
1174 142 1263 183 effe-

235 204 333 245 &um
342 207 376 240 &
386 201 584 253 expolitum
597 196 831 236 venustiffime
842 197 862 235 a
875 209 977 236 tanto
997 198 1129 237 artifice
1145 198 1266 250 prodi—

235 270 272 294 re
283 248 397 308 possit.
423 252 605 292 Excelsum
616 254 774 303 inquam,
788 258 821 290 &
833 252 926 304 quali
941 252 1100 290 divinum
1111 249 1180 292 effe
1192 255 1264 291 exi-

234 309 448 348 stimandum
464 308 499 343 id
513 331 522 345 ‚
542 307 585 343 ad
597 308 693 353 cujus
709 306 956 346 efficientiam,
977 319 1045 344 nec
1056 306 1135 344 solis
1150 307 1260 358 jubar,

233 378 299 402 nec
311 364 482 401 coelorum
491 362 652 401 influxus,
664 374 730 399 nec
740 360 963 414 Angelorum
971 363 1265 414 vires‚quicquam

234 421 309 469 opis
319 415 479 453 conferre
489 414 684 466 potuerunt
696 440 703 457 ‚
716 415 773 453 sed
789 415 834 453 ad
848 415 934 453 illud
944 415 1183 457 excitandum,
1195 418 1266 454 Dei

233 470 334 508 solius
349 468 526 523 singularis
537 472 583 506 vis
593 475 625 507 ὃς
634 471 787 522 potestas
802 469 907 508 fuerit
915 471 1088 522 requisita.

283 540 313 562 2.
344 525 441 562 Hinc
449 523 616 565 efficitur,
632 524 728 576 quod
741 525 766 562 fi
777 524 951 578 sanguinis
961 524 1089 563 illustre
1100 527 1262 566 stemma,

232 581 366 627 virtutis
379 591 528 630 purpura
547 577 733 617 reuiffime‘
756 579 824 617 dici
840 579 950 617 soleat
964 604 972 620 ‚
992 582 1073 631 quia
1090 582 1265 618 eximium

232 632 415 684 quoddam
424 634 529 679 decus
539 636 655 671 virtuti
667 634 830 688 adjungit
840 659 848 675 ‚
862 634 1032 686 illamque
1048 638 1178 673 caeteris
1189 635 1265 688 spe·
1274 676 1282 684 f

231 687 455 725 stabiliorem
464 688 589 728 reddit,
600 690 693 726 reete*
705 691 814 726 etiam
820 692 956 736 yirtutis
966 688 1124 728 stimulus
1133 692 1266 742 poterit

230 741 395 795 appellari
405 767 413 782 ‚
435 756 510 795 quo¹
520 746 630 781 acrius
639 743 683 780 ad
699 745 776 781 vitae
786 742 1012 782 honestatem
1028 744 1267 797 appetendam

228 796 586 849 impellamur.Atque
595 800 643 835 ita
653 811 697 835 ex
711 801 883 850 opinione
895 798 1089 837 nobilitatis
1099 799 1187 837 illius
1198 812 1266 851 qua

229 854 351 888 anima
363 853 478 889 nostra
488 851 648 905 effulget,
660 855 858 905 comparati
866 854 980 895 fimus,
996 865 1034 891 ut
1041 853 1266 892 honest-atem

176 906 180 919 ³
230 907 378 943 astionis
394 904 585 945 avidiffime
603 906 868 949 consestemun
888 910 971 946 vitia
990 921 1112 946 autem
1129 913 1163 946 &
1181 921 1261 945 mo-

228 972 310 998 rum
319 962 503 1012 pravitates
521 975 597 1013 quae
609 964 718 1000 vitain
733 964 890 1000 nostram
909 961 1071 1002 inficiunt
1084 989 1093 1005 ‚
1112 961 1266 1016 refugia-

231 1028 312 1053 mus
321 1020 355 1052 &
365 1015 570 1054 aversemur.

280 1082 307 1116 3.
337 1073 389 1107 Ut
401 1071 531 1122 optimi
545 1072 698 1123 parentis
709 1072 794 1109 loco
808 1077 843 1109 &
852 1068 1129 1123 praestantiffimi,
1140 1074 1262 1109 Deum

228 1123 441 1164 habeamus,
459 1127 555 1173 cujus
570 1124 705 1163 ‘factura
725 1124 851 1163 sumus.
883 1125 957 1162 Filii
975 1128 1093 1177 itaque
1112 1128 1264 1178 parentis

228 1188 348 1216 mores
366 1179 551 1216 imitemur
561 1203 570 1219 ‚
588 1178 785 1231 prosapiam
804 1180 960 1217 nostram
974 1180 1199 1218 ostendentes
1209 1205 1217 1221 ‚
1230 1185 1263 1218 δε

228 1233 381 1284 parentis
399 1233 508 1270 nostri
523 1231 783 1285 perfectionem
802 1246 996 1293 utcumque
1014 1237 1263 1286 exprimentes.

228 1286 310 1325 Nec
331 1290 579 1338 permittamus
598 1288 776 1341 insignem
791 1287 891 1325 hanc*
906 1288 1136 1327 nobilitatem
1155 1291 1264 1341 pravi3

180 1356 184 1358 ’
229 1340 390 1378 moribus·
403 1341 598 1381 obscurari,
610 1341 920 1390 abjettiffimarum
937 1357 1056 1381 rerum
1073 1344 1264 1395 cupiditate

227 1396 366 1447 penitus
376 1398 564 1448 corrumpi,
576 1399 692 1434 amitti
704 1395 868 1449 denique,
880 1403 914 1435 ὃς
924 1398 1027 1435 nobis
1038 1399 1210 1436 excidere.

280 1466 314 1498 4.
343 1453 534 1503 Ingeneret
547 1450 685 1503 insuper
694 1451 768 1488 haec
781 1454 956 1504 cogitatio
968 1466 1132 1490 amorem
1144 1455 1214 1490 Dei
1225 1456 1263 1489 in

226 1504 332 1542 nobis
344 1529 352 1545 ‚
369 1506 395 1542 si
407 1507 506 1542 enim
520 1508 618 1543 Deus
630 1506 670 1543 fit
687 1505 792 1542 nobis
809 1520 952 1558 parens,
974 1506 1127 1559 sequitur
1145 1521 1230 1545 eum
1245 1507 1263 1545 a

227 1559 332 1601 nobis
343 1555 413 1596 effe
423 1572 469 1596 eo
478 1557 607 1598 affeetu
621 1559 917 1612 prosequendum,
933 1575 1005 1613 quo
1017 1561 1119 1599 liberi
1135 1576 1261 1614 paten-

228 1624 280 1650 tes
295 1612 372 1651 suos
382 1612 544 1665 prosequi
561 1614 712 1652 debent:
724 1620 757 1652 3<
768 1629 851 1652 cum
862 1617 903 1653 fit
914 1616 1052 1668 speciali
1068 1616 1183 1653 modo
1199 1631 1262 1668 pa-

228 1679 283 1705 ter
297 1667 489 1720 spirituum,
501 1667 657 1720 spiritum
667 1671 827 1707 nostrum
838 1673 948 1708 etiam
968 1670 1131 1724 singulari
1149 1671 1264 1723 aliqua

227 1725 367 1760 ratione
376 1725 459 1759 Deo
478 1723 757 1760 consecrandum
767 1736 805 1762 ut
815 1737 910 1770 totus
920 1729 955 1762 in
968 1738 1052 1762 eum
1062 1723 1202 1762 feratur.

278 1790 304 1823 5.
333 1777 502 1814 Praeterea
519 1802 527 1817 ‚
556 1791 639 1815 curn
660 1780 788 1815 animae
804 1778 1029 1818 substantiam
1050 1778 1265 1830 spiritualem

228 1832 511 1868 constituerimus
526 1856 534 1873 ,
554 1832 636 1869 inde
657 1835 767 1869 etiam
783 1833 967 1886 singularia
985 1834 1203 1872 documenta
1221 1835 1265 1872 ad

228 1899 346 1922 mores
374 1887 648 1937 componendos
665 1887 887 1926 deducuntur
896 1918 904 1925 .
934 1891 1105 1926 Animam
1131 1902 1263 1941 nempe

228 1939 440 1991 spiritualem
453 1941 579 1983 decere
595 1940 810 1991 spiritualem
819 1944 937 1979 vitam.
959 1944 1002 1987 Et
1011 1955 1088 1992 quae
1098 1942 1264 1979 altiorem

229 1995 360 2031 cunctis
371 1993 474 2030 rebus
487 1997 666 2045 corporeis
684 1994 804 2031 sortita
821 1997 870 2032 est
889 1995 1113 2045 substantiam
1125 2020 1133 2035 >
1153 1998 1263 2033 atuo-

209 2062 215 2065 ·
227 2060 315 2086 nem
326 2049 435 2084 etiam
445 2047 508 2084 fibi
517 2050 697 2099 propriam
707 2054 740 2085 &
750 2051 946 2101 genuinam
955 2049 1140 2087 vendicare
1154 2050 1262 2087 debe-

227 2115 285 2142 re,
305 2099 466 2153 cujusque
490 2102 672 2150 objectum
685 2127 694 2143 ‚
713 2102 733 2140 a
748 2104 926 2141 mixtione
939 2103 1087 2141 sensibili
1104 2103 1262 2141 alienum

229 2156 369 2199 existat:
383 2156 573 2209 indignum
585 2159 704 2209 itaque
723 2152 793 2194 effe
806 2157 998 2195 hominem
1009 2157 1172 2210 spirituali
1187 2160 1262 2195 ani-

228 2224 289 2248 ma
305 2222 484 2251 ornatum,
495 2213 546 2248 ita
554 2225 637 2250 cum
656 2211 776 2252 brutis,
788 2210 1002 2250 sensibilibus
1012 2217 1045 2250 &
1055 2213 1192 2251 caducis
1202 2214 1262 2251 ad-

228 2265 371 2305 haerere,
384 2278 421 2302 ut
438 2267 477 2303 iis
488 2264 734 2319 smmergatun
747 2280 814 2303 nec
826 2267 950 2304 altiora
961 2269 1157 2319 conquirat.

282 2328 311 2356 6.
339 2321 506 2371 Denique
517 2344 526 2358 ‚
539 2334 582 2357 ex
593 2322 725 2358 eodem
736 2322 910 2372 principio
929 2335 970 2358 ea
985 2334 1132 2360 morum
1149 2322 1261 2359 docu-

228 2384 352 2410 menta
365 2373 470 2410 nobis
481 2373 557 2411 sunt
577 2373 789 2411 desumenda
801 2399 809 2415 ‚
830 2375 955 2425 quibus
973 2378 1111 2413 animus
1134 2375 1263 2414 confir-

227 2438 343 2464 matus
351 2428 386 2463 in
397 2428 525 2464 mediis
537 2427 612 2479 ipsis
623 2429 876 2468 flammineum
889 2431 1012 2466 omnia
1021 2430 1115 2467 mala
1125 2435 1158 2468 &
1167 2444 1262 2468 acer-

227 2480 355 2519 bitates
366 2483 403 2517 in
420 2481 531 2533 ipsum
545 2481 759 2522 incursarint‚
773 2485 996 2534 &impetum
1005 2482 1164 2522 fecerint:
1178 2498 1262 2523 cum

226 2536 461 2584 jucunditates
471 2549 598 2573 omnes
610 2536 823 2575 defluxerint
834 2542 866 2574 &
876 2534 1097 2576 abscesserint
1108 2564 1116 2579 ‚
1137 2541 1179 2576 in
1187 2541 1262 2590 pie-

228 2594 306 2629 tatis
320 2602 462 2631 tamen,
484 2596 516 2628 &
534 2593 700 2629 omnium
719 2593 887 2630 virtutum
902 2593 1084 2643 proposito
1102 2595 1263 2632 confistat

227 2644 426 2693 immobilis
437 2649 494 2686 ‚in
507 2645 634 2684 eadem
644 2645 781 2697 semper
789 2645 961 2683 sententia
971 2648 1173 2685 &instituto
1183 2662 1260 2700 per-

227 2711 381 2748 rnaneat.
401 2704 497 2738 Cum
508 2702 605 2737 enim
615 2703 735 2742 anima
750 2700 882 2752 spiritus
892 2701 944 2741 fit,
956 2713 1022 2739 nec
1031 2702 1261 2742 morbus‚nec

227 2766 410 2806 paupertas
422 2778 430 2795 ‚
442 2769 508 2791 nec
520 2756 751 2792 inimicorum
765 2753 852 2796 tela,
864 2769 931 2793 nec
949 2769 1045 2793 mors
1063 2755 1147 2794 licet
1163 2771 1260 2794 acer-

228 2808 365 2855 bissima
384 2813 417 2846 &
436 2811 640 2860 inopinata,
657 2810 695 2845 in
710 2808 801 2846 hanc
821 2809 980 2862 spiritum
997 2810 1128 2861 aliquid
1144 2812 1262 2848 moliri

228 2874 406 2917 poterunt.
419 2867 472 2900 Ut
483 2865 581 2901 vestis
593 2862 807 2905 dilaceratur,
822 2864 881 2902 sed
893 2868 981 2902 eutis
989 2866 1118 2903 intaeta
1128 2879 1260 2907 manen

230 2930 269 2955 ut
279 2931 361 2955 cum
369 2914 512 2971 fragore
522 2917 736 2956 colliduntur
745 2918 857 2956 nubes
869 2942 877 2959 ‚
897 2918 955 2956 sed
964 2919 1097 2956 coelum
1108 2919 1167 2970 suo
1178 2921 1262 2958 loco

230 2986 306 3010 non
319 2971 476 3024 pellitur:
494 2973 538 3010 fic
551 2987 617 3011 nec
627 2974 745 3010 anima
756 2987 832 3024 quae
845 2973 878 3011 se
887 2968 1035 3015 novin&
1045 2977 1128 3012 Deo
1146 2974 1261 3012 adhae-

230 3039 295 3067 ret,
306 3025 393 3065 asna
405 3027 554 3065 statione
571 3041 647 3064 non
664 3027 866 3079 depellitur,
887 3029 948 3066 etfi
962 3030 1098 3082 agitato
1109 3054 1118 3071 ‚
1136 3032 1213 3066 imo
1229 3034 1263 3066 ὃ(

231 3081 384 3119 lacerato
401 3095 562 3134 corpore.
599 3081 799 3136 Priusquam
813 3083 906 3122 hunc
925 3083 1048 3123 locum
1069 3083 1262 3124 concluda-

891 54 980 117 ΙΝῚ
1046 75 1236 120 CA».
1291 74 1353 116 11.
1422 53 1761 118 Gratiae„

1327 157 1423 185 mus,
1436 136 1654 197 inquiremus
1663 146 1700 181 in
1712 141 1925 191 sententiam
1933 140 2032 179 illam
2043 154 2151 194 quam
2169 141 2224 180 hic
2235 144 2355 192 Paulus
2380 139 2411 199 {j

2337 86 2351 94 ”
2371 81 2411 134 ir?

1327 199 1451 252 Fagius
1460 201 1510 237 vit
1517 194 1654 238 doctiss
1662 196 1709 236 ex
1726 197 1933 237 Aben-Ezra
1942 198 1980 234 in
1992 210 2065 248 cap.
2077 195 2238 243 Genes7.
2250 197 2356 244 refert
2366 207 2372 247 J¹

1327 258 1360 291 &
1372 252 1517 305 probat:
1537 266 1665 292 vocem
1685 266 1818 305 nempe
1837 263 1939 291 nov:
1956 247 2183 301 nefihamdh.
2202 265 2271 304 qua
2285 241 2355 306 boe
2378 255 2382 276 ³

1325 308 1411 345 loco
1423 307 1497 347 usus
1514 309 1563 347 est
1576 307 1705 350 Moses,
1716 305 1791 346 non
1804 319 1956 344 omnem
1972 307 2096 347 flatum
2109 331 2116 347 ‚
2129 305 2287 359 spiritiun
2296 307 2363 348 ‚ae
2375 334 2381 359 3

1325 360 1592 414 respirationem
1607 363 1816 400 animalium
1836 358 2046 402 viventium,
2064 359 2258 414 fignificare
2269 386 2278 403 ‚
2300 361 2362 401 sed
2380 362 2385 371 ’

2385 307 2402 332 ςῖί

2384 337 2406 346 ,r

1327 417 1371 454 ad
1386 415 1576 455 hominem
1585 417 1725 455 tantum
1734 415 1852 456 referri
1866 414 2006 454 debere.
2026 416 2187 454 -Promde
2198 430 2243 454 ex
2251 418 2284 454 vi
2296 431 2358 459 vo·
2396 441 2403 471 3

1328 473 1376 509 cis
1400 471 1598 521 nischmath
1621 471 1753 518 chajim
1770 498 1779 512 ,
1798 469 1939 523 probari
1960 472 2119 508 animam
2145 465 2215 508 effe
2233 472 2359 510 flatum

1326 525 1384 563 seu
1401 526 1559 572 divinum
1576 526 1752 579 spiritum,
1772 525 1971 566 coelestem,
1989 524 2152 566 vitalem,
2171 527 2361 564 immorta-
2398 528 2409 568 ,ζ

1326 581 1400 618 lem
1411 606 1419 621 ‚
1432 595 1472 619 ac
1483 576 1656 620 aeternum
1673 581 1882 620 durantem,
1902 584 1935 617 δε
1946 580 2037 618 hisce
2055 579 2200 618 vocibus
2218 579 2359 631 pulchre
2396 611 2411 628 .;

1328 633 1474 673 discerni
1490 637 1583 674 inter
1599 639 1759 675 animam
1774 633 1930 671 hominis
1947 635 2194 672 immortalem
2206 658 2214 674 ‚
2229 640 2264 672 &
2282 636 2358 672 ani·
2392 673 2398 684 ἰ

1327 703 1427 727 mam
1444 690 1633 729 brutorum
1645 691 1891 728 animantium.
1921 687 2007 724 Ideo
2024 690 2135 725 etiam
2151 688 2277 726 volunt
2295 703 2359 726 vo·
2408 710 2411 736 3

1328 758 1409 782 cem
1421 745 1615 795 nffchamas
1626 745 1646 782 a
1658 741 2026 792 m‘nmschammajim
2035 741 2277 794 derivari,quia
2285 746 2360 780 ani—
2392 790 2394 792 ι

1328 812 1389 837 ma
1402 799 1559 836 hominis
1571 800 1620 836 est
1632 799 1791 836 divinum
1802 795 1936 848 quid&
1953 796 2092 835 coeleste
2103 821 2112 838 ‚
2127 808 2188 835 aut
2197 796 2321 836 saltem
2335 798 2361 837 fi
2398 803 2410 821 '⁴'

1327 867 1404 891 non
1423 853 1598 891 derivetur
1619 878 1627 893 ‚
1647 852 1745 905 quod
1761 850 1854 888 certe
1871 848 1947 887 fieri
1965 864 2039 889 non
2053 853 2198 903 potest,⁷
2206 852 2360 904 aliquam
2398 862 2399 865 ’

1327 908 1457 946 habere
1469 907 1690 946 affinitatem.
1717 906 1860 945 Vellem
1875 904 1975 954 hujus
1994 905 2260 960 significationis
2281 906 2362 944 soli-
2407 905 2409 908 ’

1329 963 1412 1001 dam
1424 963 1580 1014 aliquam
1588 964 1768 1000 rationem
1780 960 1879 1007 reddi
1893 955 1992 1012 posse
2004 975 2012 997 ε
2032 974 2115 998 nam
2126 974 2203 1013 quae
2218 959 2377 1000 affertur·

1329 1032 1373 1055 ex
1384 1016 1552 1055 affinitate
1562 1020 1658 1055 vocis
1667 1015 1936 1066 schammal‘im,
1949 1014 2092 1054 dilutior
2111 1016 2178 1056 est,
2197 1029 2304 1068 quarn
2322 1029 2361 1054 ut
2396 1016 2411 1045 '=

1328 1085 1392 1124 pro
1404 1084 1510 1109 tantae
1524 1073 1576 1109 rei
1590 1070 1826 1121 fundamento
1842 1068 1985 1106 substrui
2004 1070 2144 1109 debeat.
2165 1072 2209 1108 Et
2225 1083 2362 1109 certum

1328 1127 1377 1164 est
1388 1140 1516 1164 vocem
1533 1126 1716 1175 neschama
1733 1119 1803 1162 esse
1816 1123 1836 1160 a
1851 1123 1967 1160 radice
1987 1134 2065 1163 tima
2083 1124 2266 1173 naschanu
2286 1139 2363 1177 quae
2379 1171 2387 1176 ς

1326 1183 1364 1218 in
1381 1194 1514 1234 genere
1525 1206 1533 1221 ,
1547 1179 1727 1220 anhelare,
1745 1185 1778 1217 ὅ(
1789 1179 1940 1216 halitum
1952 1180 2149 1215 immittere
2160 1204 2168 1219 ‚
2179 1177 2362 1232 fignificat.
2397 1189 2400 1194 ¹

1327 1234 1495 1273 Praeterea
1510 1236 1671 1273 restrictae
1679 1235 1761 1272 huic
1779 1231 2038 1285 fignificationi‚
2051 1232 2094 1269 ad
2105 1232 2300 1278 humanam
2309 1248 2364 1272 ra·
2402 1270 2405 1274 .

1327 1291 1502 1328 tionalem
1519 1290 1697 1329 animam,
1718 1290 1750 1325 vi
1762 1290 1857 1325 vocis
1873 1284 2140 1340 significandam
2151 1313 2160 1329 ‚
2174 1300 2360 1342 repugnat,
2403 1318 2407 1319 γ

1327 1345 1425 1396 quod
1442 1358 1485 1381 ex
1496 1343 1623 1382 Genes.
1634 1358 1666 1388 7.
1677 1347 1772 1389 ἴσαι.
1791 1343 1889 1395 supra
1900 1340 2119 1382 adduximus,
2130 1342 2235 1380 verba
2246 1344 2291 1381 fic
2300 1343 2360 1380 ha-

1327 1400 1414 1437 bent
1425 1423 1434 1440 ‚
1445 1398 1489 1436 ad
1498 1399 1645 1436 verbum
1657 1423 1664 1438 ‚
1679 1411 1777 1435 omne
1786 1396 2140 1449 quodflatmspiritm
2149 1400 2231 1434 vita
2241 1400 2280 1434 in
2294 1411 2360 1436 na-

1324 1453 1421 1491 ribm
1430 1457 1513 1500 eim,
1526 1468 1567 1490 ex
1575 1456 1668 1490 omni
1686 1453 1778 1505 quod
1788 1455 1826 1488 in
1828 1450 1925 1501 sicco,
1930 1452 2018 1500 sunt
2025 1462 2174 1489 mortua.
2202 1450 2359 1493 Ebraice‚

1325 1517 1429 1546 vna:
1446 1517 1523 1547 nvn
1536 1519 1600 1547 ηιπ
1613 1519 1718 1546 noma
1733 1517 1810 1543 we<
1825 1506 1946 1544 fizvkol
1961 1505 2240 1555 aschernismath
2250 1506 2362 1545 ruach
2396 1531 2407 1543 t

1325 1560 1456 1607 chajim
1466 1559 1605 1610 beapau.
1631 1560 1667 1596 id
1677 1560 1725 1595 est
1738 1582 1746 1598 ‚
1760 1570 1798 1595 ut
1807 1557 1943 1609 optime
1952 1562 2200 1611 interpretatur
2219 1562 2362 1599 Merce·
2401 1598 2409 1608 ,

1325 1621 1398 1663 mss,
1411 1625 1632 1666 qaaecumque
1642 1612 1954 1662 naribusspiritum
1963 1614 2100 1651 ducunt
2111 1615 2262 1652 vitalem
2269 1641 2283 1659 a
2298 1629 2361 1653 na-

1324 1668 1417 1706 ribus
1428 1672 1526 1706 enim
1536 1669 1667 1721 spiritus
1680 1666 1825 1705 trahitur
1835 1691 1843 1707 ‚
1862 1672 1896 1705 &
1905 1681 1967 1720 per
1982 1682 2083 1706 nares
2090 1668 2288 1722 ingreditur
2295 1670 2360 1708 fla-

1328 1729 1430 1765 tus,&
1440 1738 1502 1776 per
1512 1738 1568 1761 eas
1578 1723 1756 1777 egreditur
1766 1745 1775 1762 ›
1794 1735 1833 1759 ac
1844 1725 1928 1760 vivit
1937 1725 2109 1764 animans,
2120 1726 2205 1762 flatu
2213 1726 2361 1763 innares

1326 1776 1497 1816 immiffo.
1522 1781 1593 1817 Hic
1604 1776 1698 1815 certe
1710 1790 1787 1813 non
1801 1778 1918 1828 potest
1928 1791 1997 1815 vox
2009 1778 2201 1828 nefthama‚
2212 1792 2278 1831 pro
2287 1781 2369 1816 ani--

1326 1847 1386 1871 ma
1400 1833 1556 1870 hominis
1571 1831 1765 1884 specialiter
1772 1830 1861 1868 sumi
1871 1856 1881 1872 ‚
1899 1843 1939 1870 ut
1947 1832 2059 1869 voluit
2073 1830 2283 1870 Abensslizra
2293 1858 2303 1874 ,
2323 1846 2363 1872 ut

1326 1886 1466 1924 differat
1481 1887 1500 1923 ὲ
1520 1899 1596 1925 vm
1614 1899 1687 1936 quo
1697 1886 1848 1921 nomine
1859 1884 1930 1921 vult
1945 1885 2098 1937 intelligi
2109 1888 2268 1923 animam
2284 1887 2362 1925 sen-

1324 1942 1469 1978 fitivam.
1490 1939 1558 1976 Etfi
1568 1942 1666 1976 enim
1675 1951 1750 1974 non
1760 1949 1896 1989 negem
1906 1938 2016 1977 talem
2027 1939 2290 1978 distinctionem
2298 1943 2361 1979 ali·
2382 1952 2385 1953 ’

1325 1993 1600 2047 quandolocum
1610 1992 1740 2029 habere
1757 1988 1858 2044 posse
1876 2008 1884 2034 ;
1902 2006 1977 2030 non
1999 1994 2164 2031 concedo
2183 2006 2307 2033 tamen
2323 1996 2361 2035 id

1324 2049 1399 2085 fieri
1414 2062 1457 2086 ex
1474 2049 1506 2083 vi
1517 2045 1594 2088 ,seu
1612 2045 1868 2101 fignificatione
1878 2050 1957 2085 voci
1972 2051 2123 2100 propria.
2145 2047 2245 2087 Nam
2260 2051 2362 2102 quod

1325 2103 1531 2142 Aben—Ezra
1548 2101 1631 2139 loco
1646 2103 1755 2139 citato
1767 2125 1775 2141 ‚
1793 2101 1866 2138 vult
1883 2115 1965 2146 eam
1981 2116 2110 2140 vocem
2120 2105 2170 2141 ita
2178 2102 2300 2143 referri
2316 2106 2362 2143 ad

1324 2157 1526 2198 hominem,
1539 2169 1577 2195 ut
1586 2156 1630 2193 ad
1640 2168 1724 2194 eum
1740 2158 1907 2208 privative
1918 2157 1963 2194 ad
1972 2157 2038 2194 alia
2046 2158 2223 2198 animalia,
2237 2161 2362 2211 quaein

1322 2224 1416 2249 terra
1433 2224 1531 2249 erant
1540 2213 1765 2264 restringatur
1775 2234 1784 2252 ‚
1796 2225 1871 2248 non
1882 2213 2012 2263 patitur
2022 2213 2120 2264 quod
2136 2213 2290 2265 sequitur
2299 2238 2308 2256 ‚
2320 2227 2362 2252 ex

1274 2272 1277 2275 “
1324 2270 1419 2304 omni
1431 2267 1523 2318 quod
1537 2265 1676 2316 inficco.
1706 2267 1842 2303 Idcirco
1857 2265 2066 2304 Rab.David
2074 2269 2111 2304 in
2120 2267 2359 2311 lib.radicum‚

1324 2321 1367 2359 ad
1382 2322 1476 2359 hunc
1493 2321 1615 2359 locum
1632 2333 1800 2361 annotat,
1812 2320 1921 2358 videri
1940 2334 2093 2359 omnem
2108 2321 2266 2375 spiritum
2282 2325 2361 2362 ani.

1323 2378 1502 2414 mantium
1519 2378 1636 2413 vocari
1646 2376 1786 2425 nisenus,
1799 2381 1832 2414 ὃ(
1847 2375 1929 2412 ideo
1945 2377 2109 2424 junctum
2127 2372 2198 2414 effe
2215 2376 2358 2430 spiritui,

1323 2444 1362 2468 ac
1379 2431 1405 2468 fi
1417 2431 1568 2471 diceret,
1588 2444 1687 2468 omne
1703 2433 1761 2468 cui
1778 2431 1972 2480 efc'spiratio
1982 2431 2148 2481 spiritus,
2159 2430 2196 2468 id
2205 2433 2266 2473 est,
2277 2446 2360 2471 mo·
2410 2433 2411 2439 ’

1323 2497 1386 2524 tus.
1414 2487 1458 2525 Et
1470 2487 1554 2522 citat
1571 2499 1615 2523 ex
1629 2499 1643 2522 1
1660 2488 1808 2538 Regum
1823 2499 1896 2537 cap.
1911 2498 1959 2530 17.
1970 2487 2011 2533 is.
2024 2499 2073 2530 17.
2085 2485 2146 2522 ubi
2156 2496 2278 2525 tamen
2295 2487 2360 2526 ha-

1320 2540 1406 2577 litus
1415 2539 1605 2580 nischmah,
1618 2554 1682 2593 pro
1701 2543 1821 2577 anim-a
1829 2539 1918 2576 sumi
1930 2540 2065 2591 potest,
2077 2542 2158 2590 quia
2174 2541 2225 2578 ibi
2243 2541 2360 2580 decla·-

1319 2607 1414 2632 ratur
1431 2598 1558 2632 animae
1581 2601 1616 2632 δι’
1637 2596 1795 2645 corporis
1822 2593 1991 2644 separatio
2011 2606 2074 2643 per
2096 2591 2356 2638 infirmitatem,

1320 2662 1379 2687 aut
1388 2649 1570 2687 morbum.
1593 2649 1659 2685 Sed
1671 2652 1762 2685 Dan.
1773 2660 1824 2683 10.
1834 2648 1874 2694 ᾧ.
1888 2659 1936 2690 17.
1952 2645 2013 2682 ubi
2028 2646 2112 2701 dicit
2129 2652 2164 2684 ὅ(
2182 2658 2286 2688 now:
2303 2653 2358 2687 ni-

1312 2704 1460 2753 schama
1475 2716 1551 2739 non
1560 2702 1686 2738 mansit
1698 2703 1735 2736 in
1750 2713 1824 2740 me,
1835 2702 1995 2737 animam
2006 2714 2082 2738 non
2090 2701 2210 2752 potuit
2225 2703 2358 2742 intelli·

1291 2753 1294 2809 ἶ
1319 2771 1416 2811 gere,
1428 2755 1764 2807 sedtespirationem
1776 2753 2048 2807 &halituanui
2062 2755 2199 2794 videtur
2209 2753 2384 2814 defens-5

1292 2815 1294 2855 l
1319 2812 1352 2850 se
1368 2812 1458 2848 iniis
1477 2813 1535 2863 qui
1545 2809 1690 2862 perculfi
1706 2808 1783 2846 sunt
1800 2808 1919 2861 aliquo
1936 2822 2037 2847 metu
2053 2810 2110 2848 vel
2128 2813 2359 2859 terrore‚etfi
2370 2813 2375 2817 ”

1292 2860 1295 2873 '
1320 2867 1371 2904 ibi
1380 2867 1476 2904 Arias
1489 2866 1683 2902 Montanus
1696 2866 1837 2901 verterit
1854 2875 2021 2904 mentem,
2042 2866 2085 2904 ad
2105 2865 2272 2904 verbum:
2314 2881 2357 2904 ro

1320 2921 1470 2958 restriua
1486 2919 1545 2956 illa
1561 2918 1829 2973 significatione,
1842 2933 1910 2971 qua
1921 2919 2092 2958 indicaret
2107 2919 2187 2958 inse
2200 2881 2356 2959 fuist-gad

1322 2988 1461 3026 tempus
1478 2977 1718 3026 interceptum
1727 2975 1871 3011 rationis
1887 2973 1996 3012 usum.
2030 2977 2114 3013 Hoc
2126 2974 2211 3013 loco
2222 2973 2356 3022 subtili-

1322 3043 1374 3067 ter
1391 3030 1571 3082 distinguit
1589 3030 1795 3069 Aben—Ezra
1811 3030 1904 3066 inter
1922 3031 1986 3066 tria
1997 3029 2180 3069 vocabula,
2194 3039 2233 3064 ut
2250 3039 2354 3069 num-‘1

1321 3084 1504 3135 neschama
1513 3098 1579 3139 pro
1597 3087 1629 3123 vi
1647 3083 1840 3124 senfibili&
1854 3084 2016 3123 rationali
2031 3085 2222 3135 accipiatur
2233 3107 2241 3123 ‚
2262 3086 2296 3119 &
2313 3082 2353 3119 in
2374 3120 2377 3122 ,

2204 3135 2353 3175 cerebro
