2411 3348
1240 26 1280 73 Q

732 85 1576 142 ‘Exzn'crrArroIL
1714 128 1716 130 ,
1993 123 2007 131 2
2174 109 2215 149 13

99 157 242 218 possunt
251 160 333 202 novi
350 155 668 203 Pneumatomachi
679 181 688 198 ,
698 170 745 196 ne
754 168 929 211 cogantur
938 156 1127 211 agnoscere

99 218 336 257 subfistencem
345 217 382 251 in
391 213 515 250 divinis
523 215 578 264 Sp.
586 213 701 251 Sanffi
708 212 908 265 personam,
920 214 1127 251 creatricem

101 279 135 312 &
147 270 361 311 effectricem
371 260 495 306 ‘rerum
505 269 672 305 omnium
687 280 771 305 cum
780 271 881 305 Patre
893 273 927 304 &
941 267 1040 305 Filio.
1070 267 1126 304 Id-

100 320 193 366 circo
203 323 422 376 blasphemus
436 321 496 360 ille
516 321 785 374 Transsylvanus
806 322 998 368 Eny'ea'inm
1006 349 1016 363 ‚
1036 336 1129 373 quae-

98 392 252 431 cumque
268 378 289 416 ὲ
299 379 421 430 quovis
428 378 466 414 in
481 374 576 414 hunc
586 377 709 414 locum
720 375 823 414 allata
831 376 919 417 sunt,
930 377 1128 428 probabilia

58 480 59 483 Ἴ
99 436 196 474 ducit
211 458 220 475 ,
232 435 341 471 etiam
357 429 486 481 Vallefii
503 431 714 469 sententiam
724 456 733 472 ,
746 434 805 484 qui
814 446 878 484 per
887 431 1043 483 spiritum
1054 457 1062 472 ,
1073 434 1128 468 in-

99 489 193 542 epte,
203 491 293 541 ignis
302 488 524 526 elementum
534 486 710 524 intellexit
721 511 730 527 ‚
742 501 808 524 nec
817 487 913 539 pensi
921 486 1030 524 habet
1043 486 1127 538 quid

97 541 420 596 fitintelligendum
428 539 591 579 hocloco
602 566 611 581 ,
623 541 826 580 dummodo
835 543 977 593 Spiritus
989 541 1046 578 ille
1057 543 1128 578 Dei

98 611 207 651 quem
220 610 301 643 cum
310 600 409 633 Patre
419 600 453 633 ὃ(
464 595 552 633 Filio
563 596 761 637 adoramus,
773 596 986 634 excludatur.
1014 627 1018 629 a

149 653 369 690 Sententiam
383 663 489 702 quarn
507 652 660 702 primam
673 653 894 689 recitavimus
905 676 913 692 ,
928 651 972 687 de
983 656 1062 688 aere
1073 650 1127 686 vel

97 720 218 746 vento,
230 719 336 758 quem
347 708 521 758 agitatum
531 711 648 743 aerem
661 702 732 743 effe
741 705 844 743 multi
854 705 1006 743 sentiunt
1016 707 1126 742 etiam

98 776 143 800 ex
154 760 378 811 Philosophis,
389 773 514 811 parum
523 760 748 810 probabilem
758 760 930 798 ducimus.
951 774 974 797 1.
987 762 1082 814 Qa
1090 761 1127 795 in

98 816 157 853 illa
167 817 279 867 prima
288 813 387 851 mole
399 812 552 854 confusa,
565 814 765 852 distinstum
774 819 844 863 jam
854 811 955 852 fuiffe
966 821 1051 852 aeris
1062 814 1132 851 ele—

98 881 264 908 mentum
276 892 284 909 ,
297 873 329 905 &
350 866 450 904 suum
466 868 590 905 locum
607 865 792 930 occupasse
805 869 971 907 credibile
981 883 1058 906 non
1071 869 1130 909 est,

99 922 288 977 praesertx'm
309 922 334 958 fi
346 945 354 961 ,
368 921 591 973 quoddoc'tis
601 923 721 959 multis
730 925 857 975 placet,
870 929 902 960 ὃς
915 926 1074 960 maxime
1083 936 1134 959 ra-

99 980 190 1017 tioni
199 975 474 1015 consentaneum
486 977 631 1023 videtur,
641 990 705 1028 per
714 988 802 1026 wrm
812 980 937 1016 Rakia,
949 977 1133 1025 eaTansum

99 1037 137 1070 in
152 1031 259 1069 medio
275 1042 452 1082 aquarum
463 1057 472 1070 ,
491 1036 550 1067 aer
565 1030 718 1082 intelligi
729 1028 914 1069 debeatur,
935 1033 994 1080 qui
1003 1029 1127 1065 locum

98 1085 305 1125 habetinter
314 1098 418 1136 aquas
426 1082 610 1122 inferiores
623 1089 656 1121 ὃς
668 1083 872 1136 superiores.
903 1084 991 1120 Tale
1003 1096 1123 1120 autem

98 1139 289 1193 expansum
305 1137 425 1191 postea
438 1151 594 1176 creatum
612 1134 713 1176 fuisse
735 1151 778 1174 ex
790 1140 963 1190 Scriptura
975 1139 1130 1178 constan

98 1194 232 1233 nedum
242 1207 280 1231 ut
289 1207 373 1231 tunc
384 1195 481 1231 flatus
489 1192 594 1231 fuerit
606 1206 756 1246 magnus
771 1205 831 1230 aut
841 1193 1031 1230 vehemens
1042 1217 1050 1232 ‚
1064 1206 1126 1233 ex-

99 1251 222 1288 citatus
239 1249 284 1286 ad
300 1250 510 1301 voraginem
532 1249 630 1285 illam
643 1248 887 1285 exsiccandam
901 1272 910 1288 ,
929 1259 968 1284 ut
984 1247 1130 1284 tandem

75 1342 78 1345 ,
100 1316 280 1357 appareret
297 1315 405 1343 terra,
420 1307 453 1340 δε
465 1317 518 1340 res
529 1317 655 1340 omncs
672 1302 772 1339 suum
787 1302 910 1339 locum
925 1308 957 1339 ὅ(
974 1299 1132 1338 formam

102 1359 308 1396 obtinerent
317 1381 326 1398 ,
337 1358 422 1394 ficut
430 1360 466 1394 in
477 1361 567 1395 mari
583 1357 690 1395 rubro
701 1363 734 1395 ὃς
743 1358 902 1409 Jordane
912 1345 1132 1396 exsiccando,

100 1416 197 1451 Deus
212 1425 358 1450 ventum
375 1408 540 1450 excitaffe
549 1413 690 1466 legitur.
718 1412 818 1450 Nam
828 1412 957 1449 cumid
970 1410 1087 1463 postea
1097 1413 1133 1447 in

102 1479 294 1512 momento
305 1491 314 1508 ,
328 1466 404 1504 solo
414 1467 522 1504 verbo
532 1473 566 1505 ὅ(
577 1464 669 1517 jussu
678 1466 696 1504 a
704 1470 788 1504 Deo
798 1466 931 1505 facturn
943 1462 1045 1503 fuifi‘e
1056 1479 1134 1518 per—

102 1521 311 1561 hibeatur‘nd
319 1534 427 1559 vento
438 1522 643 1560 vehementi
653 1534 712 1560 aut
721 1523 818 1559 flatui
829 1523 1027 1560 exficcanti,
1039 1524 1134 1568 cujus

104 1574 246 1614 effeetus
255 1590 328 1614 non
339 1577 386 1613 est
396 1589 682 1617 momentaneus,
694 1576 751 1613 sed
762 1576 974 1615 successivus,
985 1589 1062 1612 non
1073 1577 1134 1612 de-

105 1630 167 1668 bet
178 1629 293 1668 tribui.
307 1631 485 1671 Praeterea,
495 1632 519 1669 si
532 1632 574 1669 de
584 1645 689 1668 motu
700 1630 840 1683 proprie
851 1632 947 1668 dieto
956 1642 1015 1667 aut
1023 1632 1134 1683 agita-

97 1685 216 1725 tione,
226 1684 323 1735 locus
331 1684 483 1736 intelligi
497 1685 654 1726 deberet,
665 1688 799 1729 merito
809 1698 1029 1737 quaereretur,
1042 1698 1133 1735 quo-

104 1738 219 1776 modo
231 1735 353 1776 {entus
365 1738 423 1774 ille
441 1738 475 1775 se
494 1735 662 1789 potuiffet
679 1742 810 1792 agitare
832 1741 922 1776 circa
941 1738 1037 1775 illam
1050 1750 1137 1775 con-

104 1791 215 1830 sulam
232 1789 382 1829 massam
398 1791 634 1830 universaliter
656 1818 665 1833 ,
686 1805 768 1830 cum
790 1792 903 1829 nullus
922 1788 1010 1829 effet
1025 1791 1138 1829 adhuc

104 1847 278 1884 coelorum
289 1859 420 1889 motus,
431 1860 498 1883 nec
507 1850 664 1897 primum
675 1847 812 1883 mobile
825 1846 936 1884 adhuc
946 1841 1034 1883 esset
1043 1859 1137 1883 crea-

105 1913 192 1939 tum.
222 1902 288 1938 His
306 1899 400 1938 certe
411 1899 629 1952 argumentis
640 1914 706 1937 nec
722 1899 902 1951 respondit
911 1913 978 1937 nec
995 1900 1138 1951 respon-

103 1955 187 1992 dere
195 1957 313 2007 potuit
321 1953 510 1993 haereticus.
539 1953 640 1993 Nam
649 1954 746 2006 quod
756 1955 851 1994 dicit,
863 1967 939 2001 non
948 1952 1044 2006 sequi
1053 1967 1138 1991 ven-

63 2057 65 2059 ·
103 2006 188 2048 tum*
199 2021 259 2047 aut
274 2015 394 2047 aerem
410 2021 494 2046 tunc
512 2022 587 2046 non
605 2006 707 2047 fuisse
724 2021 882 2046 creatum
894 2033 902 2049 ‚
922 2010 1003 2060 quia
1018 2007 1136 2045 Moses

103 2066 288 2101 creationis
306 2066 378 2112 ejus
396 2078 471 2101 non
488 2065 676 2105 meminit,
695 2078 778 2101 cum
795 2064 861 2101 alia
877 2063 990 2100 multa
1006 2062 1138 2101 fuerint

103 2130 218 2156 creata
234 2131 387 2170 quorum
404 2113 561 2169 expresse
572 2121 802 2156 mentionem
813 2132 890 2156 non
906 2117 990 2155 facit
1002 2143 1010 2159 ,
1026 2123 1058 2155 &
1069 2131 1134 2169 po-

73 2196 75 2198 ·
103 2169 204 2210 tuisse
214 2185 402 2226 utrumque
412 2169 482 2210 effe
494 2169 635 2213 ,aerem
644 2179 677 2210 δε
690 2185 838 2211 ventum
848 2197 857 2213 ,
872 2186 954 2210 cum
963 2171 1036 2210 haec
1050 2174 1133 2209 Mo-

103 2226 153 2265 ses
168 2227 272 2268 dixin
288 2227 325 2265 id
341 2232 488 2279 inquam
500 2241 574 2264 non
584 2225 753 2265 satisfacit.
785 2231 881 2280 Qa
889 2241 965 2264 non
973 2227 1018 2263 fic
1028 2240 1132 2279 argu-

102 2294 325 2334 mentamur,
335 2282 393 2320 sed
405 2283 562 2322 dicimus,
575 2285 795 2320 creationem
805 2285 891 2320 aeris
901 2282 1020 2334 postea
1030 2277 1132 2319 fuisse

46 2353 54 2357 0
104 2334 252 2377 factam,
270 2350 314 2374 ex
332 2336 433 2374 Mose
451 2337 610 2375 constare
621 2361 629 2377 ,
648 2337 796 2389 proinde
807 2351 883 2374 non
893 2331 1045 2387 potuisse
1055 2348 1134 2373 tum

46 2434 55 2440 ,
105 2392 796 2444 αὲῐεω,ε,υῑνεῃωω,εΙέεῙιιὶἀοΡετετὲ.
819 2390 898 2429 lmo
908 2388 1134 2443 quodpostea

105 2445 213 2486 addit,
230 2458 352 2484 contra
363 2445 473 2498 ipsum
481 2445 576 2484 facit.
603 2448 702 2484 Dicit
718 2449 816 2484 enim
828 2458 977 2484 ventum
993 2459 1035 2482 ex
1048 2445 1136 2481 hali-

107 2500 198 2549 tibus
213 2503 330 2552 aqueis
338 2506 372 2538 &
382 2503 635 2538 commotione
653 2503 738 2539 a'e'n's
748 2504 868 2554 gigni,
879 2506 912 2538 &
923 2499 1017 2552 sequi
1025 2503 1043 2536 a
1052 2501 1136 2537 Deo

109 2544 177 2591 eise
187 2568 341 2593 creatum
357 2579 365 2596 ,
379 2557 459 2607 quia
466 2557 564 2592 Deus
574 2557 701 2591 creavit
714 2558 785 2603 ejus
793 2557 973 2606 principia.
994 2554 1027 2590 Si
1038 2556 1136 2590 enim

110 2606 228 2646 &entus
240 2621 317 2647 tum
326 2609 393 2648 fuit
403 2612 439 2647 in
452 2610 628 2661 principiis
645 2608 708 2647 suis
718 2608 857 2662 tantum
868 2634 877 2650 ,
889 2607 1054 2646 nondum
1069 2605 1136 2644 fuit

112 2660 393 2714 afim-praesertim
404 2677 486 2702 cum
495 2666 665 2716 principia
673 2661 731 2701 illa
738 2663 870 2701 fuennt
884 2677 967 2700 tunc
978 2660 1134 2704 confusa,

114 2715 262 2755 necdum
271 2719 314 2755 ad
323 2731 442 2758 rerum
453 2722 726 2771 generationem
738 2731 829 2771 apta.
859 2715 1038 2757 Praeterea,
1053 2730 1135 2754 cum

116 2771 261 2807 ventum,
270 2770 418 2811 fateatur
431 2775 533 2827 gigni
544 2786 588 2811 ex
598 2773 782 2826 vaporibus
790 2774 857 2810 illis
867 2797 875 2813 ,
891 2771 1052 2824 agnoscit
1061 2785 1135 2808 non

115 2821 316 2863 immediate*
331 2823 432 2865 fuiffe
447 2840 605 2875 creatum
623 2844 631 2870 ς
659 2830 749 2881 Qs
768 2841 890 2866 autem
902 2827 1040 2866 credet,
1053 2839 1136 2863 cum

116 2873 202 2928 rude
214 2875 415 2919 adhuc-esset
428 2882 515 2920 illud
531 2882 636 2920 chaos
647 2906 655 2923 ,
665 2883 737 2920 fine
750 2883 972 2921 distinetione
984 2905 992 2921 ,
1004 2880 1075 2918 line
1085 2880 1137 2918 lu-

115 2929 215 2965 mine
224 2952 234 2968 ν
244 2933 308 2968 &cz
322 2930 448 2972 fastam
456 2931 559 2974 fiuffe
571 2937 725 2988 aliquam
734 2950 924 2975 ventorum
934 2938 1138 2988 generatio—

51 3013 69 3030 .)
117 2993 203 3042 nem
214 2991 224 3018 ?
237 2983 305 3019 Sed
318 2983 517 3037 hominibus
534 2990 598 3027 illis
616 2993 740 3042 quaevis
756 2991 900 3029 absurda
915 2988 1138 3037 comminisci

114 3033 215 3073 finus
224 3035 368 3078 videtur,
379 3052 484 3090 quam
490 3046 624 3088 veritati
633 3059 781 3083 manum
793 3046 884 3082 dare.
941 3040 943 3043 ”

1161 2318 1173 2854 -μ-...ᾙ-ῳ-

1190 153 1340 195 massam
1355 156 1454 195 illam
1467 156 1708 196 inordinatam
1723 159 1985 213 &indigestam
2001 162 2147 204 fovente
2161 190 2169 207 ,
2181 177 2220 203 ut

1188 225 1270 249 eam
1280 212 1324 250 ad
1340 225 1459 250 rerum
1470 212 1746 264 productionem
1753 212 1960 253 foecundam
1968 215 2132 255 redderet
2142 243 2150 259 ,
2162 220 2222 257 tri—

1190 265 1267 304 buit
1286 267 1477 305 Lamberto
1492 270 1630 305 Danaeo
1646 268 1779 320 Physic.
1805 259 1928 313 Christ.
1949 270 2009 309 lib.
2029 286 2054 310 1.
2081 287 2155 324 cap.
2174 286 2221 320 ις.

1189 321 1255 358 Sed
1265 322 1473 359 veteratorie
1483 334 1522 359 ut
1530 321 1618 359 solet
1629 347 1637 363 ‚
1656 323 1769 363 diffim
1775 323 1904 362 ulando
1916 322 2052 364 dostiff.
2061 316 2163 364 illum
2173 329 2222 364 vi-

1188 389 1278 416 rum,
1289 378 1339 414 ita
1349 380 1422 413 vim
1434 376 1532 413 illam
1542 376 1696 414 divinam
1707 375 1944 432 agnoviffe,ut
1952 380 2113 419 docuerit
2120 381 2223 420 fimul

1188 433 1328 482 Spiritus
1340 432 1409 468 Dei
1423 444 1560 469 nomen
1571 455 1580 472 ,
1592 433 1622 467 vi
1634 431 1684 468 illi
1701 433 1856 471 inditum
1864 431 1965 472 fuisse
1974 434 1994 471 ὲ
2003 435 2104 474 Mose
2115 460 2124 477 ‚
2142 439 2222 488 quia

1190 485 1249 522 ubi
1268 489 1314 522 vis
1334 491 1367 522 ὃς
1385 486 1479 523 dona
1495 485 1628 538 spiritus
1641 499 1984 530 commemorantur,
1996 489 2067 542 ipse
2079 490 2150 528 illic
2159 491 2221 529 suo

1188 540 1394 592 specialique
1414 540 1530 578 modo
1548 536 1650 578 fuiffe
1671 542 1888 594 intelligatur
1906 569 1913 584 ,
1930 546 2011 596 quia
2032 545 2102 582 alio
2117 545 2222 582 nobis

1189 595 1304 633 modo
1314 608 1420 646 quam
1430 609 1493 647 per
1502 594 1578 633 suos
1588 594 1667 633 illos
1678 595 1822 634 effeetus
1833 603 1866 634 ὃς
1875 598 1970 635 dona
1981 623 1988 638 ,
1999 597 2220 637 innotescere

1189 663 1265 686 non
1275 651 1400 702 potest.
1432 650 1582 687 Proinde
1592 652 1760 702 Spiritum
1769 653 1839 688 Dei
1848 651 1948 690 suum
1958 677 1967 694 ,
1977 655 2015 701 in
2030 653 2221 691 condendo

1191 703 1260 741 hoc
1278 704 1416 742 mundo
1433 717 1560 742 munus
1579 729 1587 744 ,
1607 710 1640 742 ἃ·
1659 705 1831 757 explicate
1849 711 1882 743 &
1903 706 2060 746 distinete
2079 707 2221 746 habere.

1190 761 1283 812 Ergo
1295 761 1436 811 quanvis
1445 759 1621 797 concedat
1629 759 1734 797 verba
1742 760 1801 799 illa
1807 761 2028 803 immediate,
2040 759 2219 803 effectum,

1193 819 1227 851 &
1238 817 1335 854 vires,
1347 819 1380 850 &
1389 813 1608 865 praesentiam
1617 815 1806 865 quandam,
1818 829 1887 867 qua
1898 815 1930 853 se
1939 816 2012 867 illic
2019 815 2221 854 manifesta-

1194 868 1255 906 bat
1265 868 1397 920 spiritus
1409 893 1416 908 ,
1427 869 1601 910 indicare5
1618 871 1784 920 Spiritum
1799 870 2013 908 tamenasua
2029 871 2087 907 illa
2104 873 2136 906 vi
2147 885 2223 907 non

1194 923 1335 974 separat,
1348 923 1510 974 quinimo
1521 924 1673 961 ostendit
1683 924 1815 962 duabus
1827 924 1870 962 de
1881 926 1985 963 causis
1996 927 2222 962 mentionem

1193 973 1294 1014 fuiffe
1307 976 1436 1015 fastam
1453 977 1651 1014 incubantis
1659 977 1810 1028 spiritus;
1834 991 1857 1016 1.
1880 980 2065 1017 Utmundi
2077 982 2226 1017 creatio—

1196 1043 1280 1067 nem
1290 1045 1363 1067 non
1377 1030 1479 1067 solius
1491 1034 1597 1068 Patris
1608 1037 1640 1069 ὅ(
1650 1030 1723 1073 filii,
1734 1033 1792 1070 sed
1801 1035 1942 1084 Spiritus
1956 1048 2098 1086 quoque
2114 1035 2227 1071 sanch·

1197 1086 1281 1135 (qui
1301 1085 1364 1129 »ΘΤ
1381 1083 1552 1135 ἀπ’ςαζω
1567 1084 1611 1120 ab
1627 1086 1692 1122 illis
1708 1088 1756 1123 est
1773 1087 1972 1138 distinstus)
1991 1102 2078 1140 opus
2091 1083 2161 1126 effe
2170 1091 2227 1124 in*

1196 1138 1446 1191 telligeremus.
1478 1153 1508 1175 2.
1526 1141 1578 1175 Ut
1593 1139 1863 1189 agnosceremus
1877 1153 2014 1178 tantam
2031 1141 2128 1178 illam
2148 1154 2224 1179 mo-

1195 1193 1280 1233 lem,
1294 1207 1369 1229 non
1384 1192 1402 1228 a
1412 1192 1454 1231 se,
1468 1206 1584 1244 neque
1594 1192 1639 1229 ab
1649 1196 1745 1244 aquis
1756 1194 1979 1236 circumfuiis‚
1992 1201 2056 1233 ἃς.
2067 1192 2168 1233 fiiisse
2177 1195 2230 1233 su-

1195 1249 1394 1286 stentatam,
1406 1246 1463 1284 sed
1478 1246 1495 1283 ὲ
1506 1246 1622 1299 spiritu
1633 1250 1898 1299 omnipotente,
1910 1253 2114 1301 omniaque,
2127 1253 2158 1287 vi
2174 1249 2231 1287 sua

1196 1303 1313 1339 divina
1329 1302 1539 1339 sustentante
1552 1326 1560 1342 ,
1584 1307 1616 1339 ὃ(
1630 1301 1824 1340 vivificante
1835 1328 1843 1343 ,
1864 1319 1936 1355 quo
1950 1306 2149 1342 etiamnum
2165 1303 2230 1341 ho-

1197 1355 1266 1397 die,
1279 1358 1402 1394 omnia
1413 1355 1593 1394 subfistunt
1603 1362 1636 1394 ἃ
1646 1356 1876 1395 sustentantur
1885 1384 1894 1400 ,
1909 1361 2016 1397 etiam
2028 1373 2104 1411 qua:
2113 1361 2185 1396 vim
2197 1364 2232 1397 &

1196 1424 1358 1449 naturam
1379 1411 1476 1448 suam
1495 1413 1674 1463 propriam
1690 1410 1810 1449 sortita
1827 1411 1903 1452 sunt
1915 1438 1923 1454 ‚
1950 1413 2030 1452 Psal.
2042 1427 2120 1460 104.
2141 1426 2170 1450 ν.
2182 1423 2231 1460 36.

1198 1473 1226 1503 E
1230 1468 1390 1504 mittente
1399 1467 1567 1516 Spiritum
1577 1477 1681 1503 tuum
1691 1478 1902 1509 recreantur,
1916 1473 1982 1506 &c.
2007 1466 2051 1506 Et
2062 1467 2143 1505 Psal.
2157 1481 2187 1514 13
2195 1484 2214 1514 4
2222 1497 2230 1506 .

1199 1521 1280 1559 vers
1289 1535 1321 1565 7.
1345 1526 1425 1572 Qro
1437 1524 1522 1557 irem
1531 1519 1556 1556 2,
1567 1523 1697 1570 Spiritu
1708 1531 1767 1556 tuo
1776 1528 1791 1557 ἓ
1810 1525 1902 1575 Qec
1912 1523 2114 1561 sustentatio
2126 1535 2230 1560 tanta:

1198 1576 1343 1613 molieo
1353 1571 1761 1628 magisfuitiiecell'aria,
1774 1578 1870 1627 quod
1889 1581 1922 1614 ei
1938 1578 2102 1614 nondum
2119 1577 2231 1614 indita

1199 1626 1287 1667 effet
1299 1643 1345 1666 v1s
1356 1631 1530 1666 ordinaria
1540 1629 1714 1681 gignendi
1723 1635 1756 1666 ὃς
1766 1631 1996 1681 producendi.
2026 1630 2111 1668 Ideo
2129 1645 2231 1669 com-

1197 1683 1307 1721 mode
1318 1684 1391 1721 usus
1401 1685 1449 1721 est
1458 1683 1702 1735 metaphorica
1712 1684 1770 1721 illa
1779 1698 1866 1722 voce
1877 1685 2137 1736 merachepheth
2147 1688 2231 1723 Mo-

1198 1738 1246 1774 ses
1260 1762 1268 1778 ,
1281 1751 1357 1789 quae
1370 1751 1443 1774 non
1457 1736 1571 1774 solum
1589 1736 1773 1775 sustentare
1785 1762 1796 1779 ,
1805 1738 1863 1776 sed
1875 1745 1908 1776 ὅ(
1917 1739 2038 1778 fovere
2047 1739 2229 1792 fignificat,

1197 1805 1306 1843 quam
1318 1805 1405 1828 voce
1422 1790 1560 1835 θάλπων
1578 1789 1721 1829 videtur
1731 1807 1772 1829 ex
1798 1790 1925 1830 reffifl‘e
1942 1794 2065 1831 Paulus
2074 1793 2194 1845 Ephes
2204 1807 2230 1842 ς.

1196 1861 1226 1883 v.
1240 1859 1293 1888 29·
1323 1847 1411 1883 Haec
1428 1859 1510 1882 cum
1528 1844 1601 1883 fuse
1618 1844 1638 1883 εὶ
1656 1846 1750 1884 Clari
1782 1876 1790 1884 .
1808 1848 1944 1884 Danaeo
1963 1850 1999 1885 in
2018 1850 2125 1885 citato
2145 1848 2230 1885 loco

1197 1900 1369 1952 explicata
1386 1900 1510 1938 viderit
1519 1901 1733 1942 Haereticus,
1746 1904 1879 1938 mirum
1889 1897 1975 1939 esset
1988 1897 2134 1939 voluiffe
2145 1916 2231 1940 eum

1195 1957 1232 1992 in
1240 1954 1312 1992 suas
1320 1967 1434 2007 partes
1443 1967 1579 1995 vocare,
1589 1955 1652 1992 nifi
1659 1967 1790 1993 notum
1801 1951 1888 1994 eiset
1897 1957 1981 1994 tales
1989 1956 2154 2009 homines
2163 1960 2231 1994 im—

1199 2009 1376 2061 pudentiae
1390 2004 1513 2046 litaffe.

1250 2065 1304 2102 Est
1318 2077 1405 2117 ergo
1424 2077 1504 2101 vera
1513 2063 1702 2104 sententia,
1715 2067 1878 2117 Spiritum
1890 2066 1960 2103 Dei
1970 2066 2038 2103 dici
2049 2061 2230 2103 incubasse

1200 2121 1307 2170 aquis,
1321 2130 1359 2156 ut
1369 2118 1551 2156 tolleretur
1564 2121 1681 2155 omnis
1692 2119 1866 2171 dubitatio
1878 2120 1920 2157 de
1931 2123 2068 2158 ratione
2080 2134 2148 2171 qua
2155 2118 2232 2156 fieri

1199 2176 1316 2225 potuit
1326 2197 1334 2214 ,
1345 2185 1383 2210 ut
1392 2172 1466 2209 haec
1482 2173 1574 2210 rudis
1585 2174 1701 2209 moles
1717 2176 1753 2209 in
1773 2186 1869 2210 tanta
1884 2172 2089 2212 confufione
2102 2179 2135 2211 <Sc
2149 2178 2232 2212 ἀπι-

1199 2229 1267 2272 ξιόι,
1280 2242 1319 2264 ac
1327 2241 1445 2264 rerum
1455 2225 1623 2264 discordia
1634 2232 1666 2265 ὃς
1678 2224 2042 2281 repugnantia,poffet
2051 2228 2160 2265 susten
2166 2230 2230 2265 tari

1198 2286 1231 2319 ὅ(
1240 2281 1415 2319 subiistere
1427 2291 1436 2319 ?
1458 2281 1497 2318 Id
1505 2295 1637 2333 nempe
1649 2306 1656 2323 ,
1668 2279 1801 2320 fastum
1809 2279 1910 2320 fuiffe
1919 2285 1952 2319 vi
1966 2283 2074 2319 divini
2084 2282 2226 2333 spiritus,

1198 2349 1293 2385 tante
1303 2336 1392 2373 moli
1401 2334 1675 2388 incubantis,qui
1687 2334 1995 2387 quemadmodum
2005 2340 2127 2374 omnia
2135 2350 2231 2373 nunc

1197 2389 1362 2429 sustentat
1373 2393 1482 2428 etiam
1492 2391 1570 2441 post
1580 2391 1778 2443 expolitum
1788 2391 1806 2428 a
1815 2393 1898 2430 Deo
1907 2392 2085 2429 mundum
2096 2406 2104 2431 ς
2114 2391 2229 2428 multo

1196 2448 1310 2499 magis
1320 2441 1554 2495 necessarium
1561 2444 1640 2486 fuit,
1649 2458 1687 2482 ut
1700 2458 1782 2483 tunc
1792 2445 1994 2484 sustentaret
2003 2458 2138 2483 novum
2146 2445 2231 2482 illud

1198 2505 1231 2538 δε
1240 2513 1362 2538 recens
1371 2499 1535 2536 nondum
1544 2498 1741 2551 perfeRum
1755 2514 1851 2552 opus.
1869 2500 2047 2541 Praeterea,
2059 2513 2098 2537 ut
2105 2497 2231 2536 foven-

1197 2555 1244 2591 do
1254 2550 1405 2591 massam
1414 2554 1522 2593 illam,
1537 2568 1579 2592 ex
1590 2568 1631 2592 ea
1641 2555 1786 2592 tandem
1801 2554 2014 2594 excluderet,
2027 2567 2102 2606 quae
2109 2554 2231 2604 postea

1197 2609 1355 2646 distincta
1369 2613 1403 2645 ὃ(
1421 2621 1545 2646 ornata
1553 2607 1705 2646 fuerunt.
1738 2609 1777 2646 ld
1795 2622 1877 2646 cum
1886 2610 1926 2646 fit
1942 2622 2028 2661 opus
2036 2608 2227 2647 soli-asDei,

1197 2668 1230 2700 ὃ(
1255 2663 1426 2700 tribuatur
1442 2665 1580 2714 Spiritui
1599 2665 1669 2701 Dei
1690 2679 1698 2705 ;
1716 2666 1881 2716 Spiritum
1896 2663 1997 2701 illum
2020 2659 2090 2700 effe
2110 2674 2230 2698 verum

1197 2731 1279 2755 cum
1290 2721 1389 2755 Patre
1401 2722 1434 2754 δε
1453 2717 1541 2754 Filio
1559 2720 1697 2757 Deum,
1717 2718 1800 2755 inde
1817 2716 1965 2755 firmiter
1983 2717 2181 2770 colligimus
2195 2719 2228 2751 &

1197 2771 1389 2809 credimus:
1401 2777 1434 2809 &
1447 2785 1529 2809 curn
1547 2772 1622 2809 talis
1639 2771 1784 2811 effectus
1801 2771 2054 2809 sustentationis
2065 2795 2074 2811 ,
2094 2769 2228 2807 &velut

1196 2828 1424 2864 animationis
1447 2849 1455 2865 ,
1476 2839 1640 2864 creaturae
1659 2827 1746 2865 nulli
1764 2840 1969 2877 competere
1993 2824 2098 2877 poffit
2115 2847 2123 2861 ,
2144 2821 2226 2858 inde

1197 2883 1305 2918 etiam
1315 2875 1508 2918 necessario
1520 2882 1708 2937 colligitur,
1718 2895 1785 2918 nec
1799 2887 2000 2920 aerem,nec
2013 2888 2156 2914 ventum
2166 2874 2226 2911 ali-

1197 2949 1305 2986 quem
1324 2949 1367 2972 ex
1382 2949 1471 2987 aqua
1489 2940 1520 2973 &
1539 2942 1618 2973 aere
1636 2938 1800 2988 genitum
1814 2960 1823 2976 ,
1834 2948 1896 2986 per
1911 2934 2073 2983 spiritum
2084 2931 2154 2964 Dei
2170 2931 2225 2966 in-

1198 2989 1312 3041 telligi
1328 2985 1439 3041 polse.

1261 3045 1385 3080 Futilia
1415 3043 1491 3080 sunt
1521 3057 1595 3095 quse
1623 3058 1666 3081 ex
1694 3041 1831 3079 adverso
1862 3038 1984 3086 objicit
2017 3038 2221 3074 Haereu'cus.

167 3089 326 3134 Alteram
341 3090 569 3143 sententiam,
589 3099 632 3138 de
643 3100 796 3153 quadam
809 3101 880 3142 Dei
891 3101 922 3138 vi
940 3104 974 3138 ὅ(
986 3097 1139 3154 efficit-:ii⁴
1168 3114 1174 3149 ι
1198 3110 1222 3136 1.
1251 3097 1392 3138 Mosem
1402 3112 1478 3135 non
1493 3099 1607 3137 dicere
1620 3120 1628 3135 ⁷
1640 3097 1794 3147 spiritum
1812 3092 1915 3128 fflUm
1934 3085 2003 3129 effe
2023 3094 2146 3130 Deum
2167 3090 2225 3127 sed

1809 3149 1834 3182 B
1864 3159 1878 3191 3
2142 3146 2224 3182 Dei.
