2411 3348
612 95 1299 164 Exisncrrnrxo
1370 91 1661 167 CLXXVI.

38 196 146 241 ,πίω
167 187 422 245 &gratiarum
430 189 564 235 votiva
575 192 715 243 cellatio.
741 195 828 229 Pace
839 180 927 229 ta‘nti
936 193 1016 232 viri,
1027 204 1103 229 non

62 253 125 296 fest
147 250 324 302 oppofitio
342 242 532 284 necessaria
550 247 642 283 inter
660 246 883 298 prophetiam
901 251 935 284 &
953 246 1103 284 benedi-

16 344 22 350 „
75 308 236 349 &ionem
255 304 377 353 {quia
390 301 452 338 etfi
470 314 543 338 non
564 312 812 338 convertantur
827 327 841 340 ‚
856 302 972 352 potest
981 313 1102 338 tamen

22 365 27 368 ⁴
56 356 148 410 ,effe
170 356 376 410 prophetica
393 355 608 393 benedittio.
649 356 864 394 Communis
881 354 1025 406 quidem
1035 354 1101 391 ho-

77 416 219 454 minum
230 423 314 463 erga
331 410 495 448 homines
519 412 634 448 votiva
654 421 794 447 tantum
817 409 866 445 est
884 423 892 450 ;
914 409 972 445 sed
990 421 1066 459 quae
1082 406 1102 444 5.

71 466 255 522 prophetis
272 471 306 502 &
327 464 526 516 patriarchis
543 466 776 517 pronunciata
794 463 843 501 est
856 464 924 500 Dei
939 465 1099 502 nornine,

75 522 155 562 vere
172 519 238 559 fuit
256 518 458 557 futurorum
475 519 704 559 denunciatio
731 532 741 555 :
764 516 936 568 fimulque
954 516 1102 554 benedi·

73 579 203 617 &ionis
223 575 372 612 nomine
392 572 591 627 digniffima
609 589 622 616 3
654 585 721 610 nec
743 571 788 609 de
806 585 849 610 ea
867 585 944 623 quae
958 571 1016 608 hic
1037 570 1100 608 ha-

75 629 355 670 betur-dubitari
374 628 484 666 debet
499 631 584 680 quin
604 627 707 665 simul
729 624 836 664 fiaerit
859 625 1044 678 prophetia
1067 630 1100 662 &

74 684 282 725 benedi&io
302 708 310 723 ‚
331 696 414 720 cum
431 682 512 720 vers.
529 688 580 722 28.
601 683 694 719 dicat
703 677 833 718 Moses.
848 686 925 718 Hac
937 681 1101 731 loquutus

68 743 120 792 est
128 742 277 790 eispater
287 764 299 782 ‚
319 736 560 789 benedixitque
559 735 707 788 singulis
722 733 1007 773 benediaeionibus
1020 743 1101 785 pro-

65 797 169 850 ‚priisz

134 852 225 902 Q
240 846 345 885 verba
354 860 429 884 non
446 845 565 885 valent
581 845 625 884 ad
636 845 672 883 id
691 843 980 883 confirmandum
999 842 1100 895 quod

76 903 189 941 voluit
209 902 414 940 Ambrofius
432 926 441 942 ‚
464 912 502 939 ut
521 913 620 952 putat
638 901 814 940 Pererius‚
836 900 929 949 quasi
950 897 1101 936 benedi·

76 959 211 995 &iones
221 958 369 1007 propria:
379 979 388 996 ‚
403 956 478 993 alias
489 954 621 993 fuerint
632 955 652 992 a
661 954 774 992 verbis
784 967 861 1005 quae
869 955 1014 991 recitata.
1024 951 1100 989 fue-

73 1023 153 1048 rant
165 1034 174 1050 ,
185 1023 261 1062 quae
271 1018 392 1046 tamen
403 1008 617 1055 subjunctaea
632 1008 775 1061 Jacobo
792 1009 870 1059 post
886 1007 1100 1058 prophetias,

70 1063 95 1103 Ξι
115 1064 214 1102 Mose
233 1059 346 1100 essent
364 1064 556 1113 praeteritae.
584 1066 678 1100 Cum
689 1061 799 1099 sensus
820 1061 1009 1104 verborum
1018 1061 1102 1096 Mo-

74 1120 116 1158 srs
133 1117 302 1157 referatur
322 1117 365 1154 ad
383 1130 423 1154 ea
434 1129 511 1168 quae
530 1115 622 1153 dicta
638 1115 715 1153 sunt
732 1141 741 1154 ‚
765 1127 896 1165 nempe
913 1113 1012 1152 inhis
1023 1126 1101 1150 ver-

76 1174 130 1211 bis
148 1186 225 1225 quae
250 1171 446 1224 protulerat
470 1182 595 1222 pater,
629 1169 808 1207 contineri
833 1167 1102 1206 benedictiones

76 1230 245 1266 omnium
266 1225 424 1271 tribuum
443 1225 593 1266 Israelis,
623 1224 812 1275 unicuique
830 1223 970 1261 seorfim
990 1220 1098 1258 suam.

75 1286 198 1332 Itaque
208 1294 291 1318 non
308 1280 447 1320 dubito,
459 1293 520 1316 eos
532 1281 591 1330 qui
605 1278 822 1331 appellarunt
830 1277 901 1315 hoe
911 1288 1015 1328 caput
1036 1280 1102 1312 Be-

74 1337 277 1385 nediefizfones
301 1334 594 1373 Patriarcharum
622 1356 632 1374 ‚
659 1334 837 1370 rationem
857 1330 1102 1384 appellationis

76 1385 299 1442 desumpsisse
329 1404 375 1428 ex
406 1390 457 1426 his
487 1388 595 1426 Mofis
618 1387 731 1426 verbis
757 1412 767 1428 ,
795 1387 904 1439 idque
930 1387 1075 1424 merito.

75 1446 174 1486 Nam
194 1444 291 1501 quod
303 1445 496 1492 objiciunt,
509 1443 618 1481 tribus
634 1444 754 1495 primis
768 1456 845 1480 non
855 1440 962 1479 videri
986 1440 1099 1478 bene-

40 1531 42 1533 .
60 1496 200 1538 dixisse
215 1526 225 1539 ‚
249 1498 307 1536 sed
323 1500 440 1550 potius
458 1494 678 1536 maledixisse
692 1524 701 1538 -.
719 1511 804 1547 cum
815 1510 936 1549 poenas
954 1495 1019 1533 illis
1034 1507 1100 1546 pro

15 1560 19 1563 '
55 1592 59 1594 a
75 1553 261 1593 sceleribus
272 1555 412 1604 patratis
421 1553 634 1605 irrogandas,
647 1553 701 1591 vel
713 1552 834 1590 saltem
846 1558 972 1589 eorum
981 1549 1099 1601 poste-

72 1611 119 1647 ris
135 1608 295 1661 praedixit
306 1632 314 1647 ,
344 1607 380 1645 id
389 1621 455 1644 nos
465 1621 610 1645 movere
627 1620 703 1644 non
718 1606 845 1650 debet,
866 1606 948 1657 duas
958 1604 1007 1642 ob
1017 1616 1100 1641 cau-

68 1663 141 1704 sas5
167 1666 194 1699 Ι.
216 1665 311 1714 Qa
328 1661 577 1699 denominatio
596 1660 686 1698 sumi
702 1661 817 1713 potest
834 1659 856 1697 a
875 1660 1002 1708 majori
1022 1671 1100 1709 pai·-

27 1730 31 1733 ·
74 1730 129 1758 te;
152 1719 270 1767 itaque
288 1716 350 1754 etfi
378 1718 554 1753 immixtae
570 1712 684 1754 essent
711 1716 850 1767 aliquot
878 1712 1099 1752 maledietio-

75 1785 138 1810 nes
149 1783 256 1815 ;›cum
275 1783 396 1808 tamen
415 1772 574 1808 maxima
591 1784 667 1822 pars
681 1769 822 1807 bonum
839 1765 1097 1821 prae'dicat,pos-

75 1825 126 1864 set
149 1825 269 1879 titulus
296 1837 513 1875 competere.
563 1829 616 1861 ΙΙ.
645 1825 706 1863 Ne
725 1824 870 1876 quidem
895 1823 1098 1861 conceden-

74 1881 164 1919 dum
184 1881 250 1921 est,
273 1876 492 1917 maledixisse
512 1878 744 1917 Patriarcham
754 1878 832 1916 filiis
846 1877 927 1918 suis,
940 1878 1001 1915 etfi
1016 1876 1099 1913 vitia

75 1949 204 1974 eorum
215 1936 400 1973 taxaverit,
421 1939 453 1971 &
468 1947 587 1984 poenas
612 1933 742 1988 aliquas
762 1935 810 1971 eis
822 1931 1039 1984 praedixerit,
1061 1929 1098 1965 id

76 1991 176 2028 enim
187 1990 362 2027 ineorum
383 1987 520 2026 bonum
540 1988 709 2029 cedebat,
730 2000 769 2026 ut
778 1989 923 2024 externe
942 1984 1099 2037 castigati

75 2046 185 2082 vitam
201 2043 435 2082 emendarent
457 2069 468 2086 ,
483 2047 525 2079 s&
541 2043 690 2081 serioad
700 2045 827 2080 Deum
843 2041 1008 2079 redirent,
1021 2051 1098 2090 qua:

74 2099 277 2137 admonitio
299 2100 348 2135 eis
367 2096 540 2149 profiiit&
553 2098 1027 2149 posteriseorumdtautnon
1039 2106 1098 2130 ex-

75 2154 225 2191 ciderint
236 2167 280 2191 ex
290 2154 402 2205 gratia
411 2153 563 2192 Dei‚nec
573 2164 670 2192 extra
679 2152 851 2203 populum
864 2153 936 2198 ejus
948 2149 1097 2195 fint-eje-

75 2210 226 2246 &fflaec
236 2209 343 2259 igitur
351 2219 495 2258 paterna
503 2209 683 2259 correptio
693 2232 706 2250 ,
729 2209 821 2245 inter
831 2204 1098 2243 benedictiones

75 2263 191 2315 potest
204 2267 237 2299 ὃς
249 2261 357 2298 debet
367 2261 549 2298 recenseri.

139 2315 292 2354 Ufitatus
311 2312 378 2352 fuit
397 2328 478 2352 mos
494 2315 587 2366 apud
606 2321 739 2352 veteres
755 2339 764 2355 ,
783 2327 824 2353 ut
837 2325 999 2366 parentes
1016 2323 1098 2348 mo-

76 2372 199 2418 rituri,
221 2369 283 2406 suis
308 2368 433 2406 liberis
451 2393 460 2410 ,
487 2381 549 2406 aut
575 2370 685 2406 etiam
706 2369 764 2405 alii
783 2371 842 2420 qui
865 2369 950 2406 loco
969 2377 1096 2419 paren-

75 2437 155 2464 tum
175 2420 288 2461 essent
305 2447 315 2463 ‚
335 2421 400 2460 suis
424 2423 478 2461 vel
494 2423 635 2461 subditis
654 2447 663 2464 ‚
682 2423 737 2460 vel
757 2423 927 2475 discipulis
944 2446 957 2464 ,
978 2431 1096 2458 extre-

76 2493 137 2517 ma
158 2478 281 2525 darent
297 2477 353 2522 vel
371 2478 512 2515 oracula
529 2502 541 2520 ‚
567 2477 623 2514 vel
636 2480 777 2515 monita
791 2477 958 2516 salutaria.
1012 2474 1098 2513 Hoc

77 2534 298 2586 postremum
322 2545 418 2570 nunc
443 2534 552 2570 etiam
569 2531 610 2569 fit
627 2531 672 2568 ab
689 2534 728 2568 iis
753 2532 878 2583 quibus
898 2531 989 2570 ratio
1009 2540 1098 2565 con-

77 2589 144 2626 stat
179 2587 285 2638 paulo
310 2599 392 2624 ante
421 2599 580 2625 mortem
600 2611 609 2627 ‚
637 2591 671 2624 δε
697 2586 825 2638 quibus
849 2586 992 2625 suorum
1012 2581 1098 2619 salus

76 2642 258 2683 curae.est;
271 2641 342 2694 Sed
358 2655 449 2692 prius
466 2641 554 2680 illud
563 2639 630 2679 fuit
639 2641 815 2694 singularis
824 2641 1007 2693 privilegii,
1020 2637 1099 2688 quia

70 2710 154 2735 non
174 2696 274 2732 datur
290 2695 457 2732 omnibus
476 2707 516 2741 ut
524 2695 656 2747 poffint
668 2697 807 2734 oracula
823 2694 984 2734 fundere,
998 2690 1098 2742 quod

78 2750 242 2789 fecerunt
258 2747 348 2786 Isaac
359 2772 368 2787 ,
386 2747 510 2800 Jacob
521 2776 532 2789 ‚
552 2748 669 2787 Moses
687 2774 697 2790 ,
714 2750 824 2803 Josue
835 2777 846 2794 ,
860 2747 1096 2787 Samuel‚Da-

76 2806 133 2843 vid
145 2829 153 2845 ‚
173 2809 239 2841 &c.
269 2803 418 2840 Videtur
432 2814 555 2840 tamen
569 2816 612 2841 ex
629 2803 680 2840 his
693 2803 1005 2843 obseruationibus,
1018 2811 1098 2836 earn

79 2853 260 2902 inolevisse
279 2858 490 2908 opinionem
510 2880 520 2896 ‚
539 2869 615 2908 quae
633 2858 752 2908 postea
768 2860 860 2911 apud
876 2856 1008 2896 multos
1018 2853 1097 2890 Phi-

79 2913 246 2965 losophos
262 2912 408 2949 invaluit
425 2930 439 2950 ‚r
463 2923 624 2948 animum
640 2910 796 2950 hominis
813 2914 1104 2966 :appropinquan-v

71 2980 117 3006 ‚te
134 2979 254 3005 morte
270 2991 279 3007 ‚
301 2967 514 3003 diviniorem
533 2964 644 3005 effici,
664 2970 698 3003 ὃ(
715 2969 746 3002 vi
762 2969 912 3020 quadam
933 2967 1098 3003 vaticina-

81 3024 170 3061 trice
188 3020 295 3060 afflari
315 3026 349 3058 &
367 3018 477 3060 affici,
497 3032 604 3071 quarn
622 3021 832 3070 opinionem
851 3027 950 3074 Cyro
971 3020 1031 3058 suo
1047 3016 1096 3055 af-

82 3075 188 3129 fingit
206 3075 414 3128 Xenophon
432 3073 491 3112 lib.
504 3079 533 3111 8.
545 3073 688 3111 &Plato
697 3077 829 3114 Socrati
838 3077 874 3112 in
892 3073 1070 3127 Apologia
1086 3086 1095 3108 ;

82 3144 235 3183 eamque
255 3130 347 3184 apud
371 3130 590 3170 Ciceronem
602 3127 704 3168 lib.1.
723 3129 768 3170 de
782 3130 923 3169 divinat.
940 3127 1096 3183 pluribus

1176 193 1347 244 exemplis
1361 192 1572 245 confirmare
1587 207 1736 236 conatur
1747 197 1901 253 Qntus
1910 197 2052 243 Cicero.
2069 204 2135 242 Sed
2145 216 2198 243 ta-

1175 247 1221 283 lia
1246 270 1256 287 ‚
1276 259 1314 285 ut
1330 246 1417 284 falso
1440 262 1576 287 narrata
1592 249 1732 290 fuerunt
1750 272 1759 297 3
1776 267 1837 293 aut
1853 256 1872 292 a
1888 253 2067 296 D‘aemone
2082 261 2194 299 etiam

1174 299 1321 339 fuerunt
1336 304 1534 354 composita
1551 328 1560 343 ‚
1588 317 1628 342 ut
1644 304 1708 343 hac
1727 300 1800 345 arte
1823 309 1980 348 eluderet
2001 336 2009 352 ,
2029 324 2106 364 quae
2122 327 2192 352 no-

1169 366 1269 408 verat
1288 354 1309 392 a
1329 358 1413 392 Deo
1430 359 1466 394 in
1482 357 1602 396 sanetis
1619 360 1695 397 viris
1712 358 1811 399 fuiffc
1828 361 1919 402 fasta
1935 388 1944 404 ‚
1966 365 2192 420 efficeretque

1173 420 1212 446 ut
1228 408 1282 446 vel
1302 422 1433 447 naturae
1456 411 1726 464 tribuerentur)
1750 416 1803 453 vel
1821 416 1857 454 in
1885 412 2121 471 suspicionem
2134 435 2194 461 ve-

1171 465 1290 501 nirent
1313 490 1323 504 ‚
1346 465 1440 516 quafi
1456 466 1596 504 aliunde
1613 466 1780 520 suggesta.
2060 466 2063 468 ’

1224 520 1347 570 Itaque
1357 532 1440 557 cum
1450 521 1588 559 donum
1597 523 1842 573 propheticum
1853 526 2021 579 singulare
2032 534 2065 568 8<
2074 529 2192 569 heroi-

1172 585 1255 620 cum
1276 573 1408 624 aliquid
1425 574 1465 612 fit
1483 601 1494 614 ‚
1516 580 1550 612 &
1570 576 1673 627 plane
1691 579 2004 619 extraordinarium
2019 610 2029 622 ,
2050 586 2191 624 vitanda

1172 628 1221 664 est
1241 629 1424 680 ιφωωζηλιόι
1436 656 1446 670 ‚
1467 642 1512 666 ne
1532 631 1735 668 existiment
1752 630 1930 683 parentes,
1949 636 1981 673 se
1997 637 2191 677 {imilimo-

1169 682 1220 719 do
1233 705 1242 723 ,
1266 695 1304 720 ut
1321 683 1492 735 Jacob&
1509 686 1625 722 caeteri
1640 683 1840 737 patriarchae
1858 689 1902 725 de
1920 688 2113 729 liberorum
2122 692 2190 731 foe-

1169 736 1294 776 licibus
1304 737 1487 776 eventibus
1500 738 1555 776 vel
1567 737 1780 778 infoelicibus
1798 753 1892 779 certa
1910 743 2096 793 praedicere
2113 747 2191 798 pos-
2239 781 2244 785 .

1170 790 1224 829 ce:
1243 792 1391 830 erfinon
1401 793 1608 845 negandum
1616 795 1667 835 fit,
1685 807 1860 848 magnum
1885 788 1955 834 effe
1965 799 2102 848 pondus
2113 813 2193 838 ma·-

1169 845 1419 884 ledistionibus
1428 844 1488 885 aut
1506 846 1815 887 benedictionibus
1831 863 2018 902 parentum
2033 877 2040 893 ‚
2063 853 2106 890 de
2116 857 2192 906 qui-

1171 899 1420 951 busSyracides
1436 903 1486 939 ait
1499 925 1508 938 ‚
1529 916 1602 954 cap.
1608 918 1636 951 3.
1651 902 1788 941 versio.
1818 905 1932 941 Patris
1949 904 2128 945 benedierio
2152 913 2192 946 a:

1170 954 1290 1002 dificat
1309 953 1424 992 liberis
1440 957 1580 994 domum
1591 980 1599 996 ›
1616 955 1665 1005 &2>
1679 960 1804 996 matm's
1825 959 2018 997 maledin‘io
2036 963 2202 1000 eradicat·

1161 1008 1408 1067 fundameqta.
1442 1011 1550 1048 Unde
1571 1010 1656 1048 illud
1676 1011 1837 1062 Orphei,
1859 1011 1959 1061 &carni
1973 1032 2018 1052 τοι
2035 1020 2191 1066 ‚stypiota

1171 1062 1303 1108 iffvuveg
1323 1069 1380 1102 εἰσ-ι
1394 1067 1522 1106 πκήων,
1532 1077 1664 1116 graves
1672 1066 1760 1115 sunt
1767 1065 2061 1118 furiaeparenmm
2071 1081 2191 1108 contra

1164 1115 1299 1158 liberos.
1710 1154 1714 1157 .

1200 1224 1206 1231 ¹
1229 1170 1429 1223 Priusquam
1458 1171 1658 1226 prophetias
1676 1175 1746 1214 suas
1773 1177 2022 1227 pronunciaret
2047 1177 2163 1230 Jacob
2177 1204 2187 1221 ,

1169 1223 1257 1262 dicit
1281 1226 1398 1264 Moses
1417 1228 1523 1265 versa.
1554 1226 1691 1269 vocaffe
1716 1243 1801 1268 eum
1819 1228 1910 1268 filios
1928 1230 2021 1271 suos,
2041 1230 2189 1280 juffiffe-

1170 1291 1239 1329 que
1262 1292 1302 1317 ut
1320 1284 1572 1323 convenirent,
1582 1297 1628 1321 eo
1639 1282 1709 1321 fine
1721 1309 1729 1325 ‚
1740 1296 1780 1322 ut
1789 1285 1948 1323 audirent
1961 1285 2051 1324 dieta
2061 1301 2187 1339 paren-

1169 1344 1211 1371 tis
1229 1361 1239 1374 ‚
1257 1338 1519 1377 annunciantis·
1541 1336 1744 1388 quaefutura
1754 1351 1872 1378 erant,
1893 1342 2189 1390 temporibusno-

1123 1428 1127 1432 Α
1169 1386 1321 1426 vissimis.
1355 1391 1550 1428 Exordium
1567 1392 1618 1429 est
1649 1392 1794 1442 quidem
1813 1392 1919 1429 breve
1935 1418 1943 1434 ‚
1965 1393 2021 1431 sed
2037 1395 2187 1447 empha-

1150 1470 1153 1472 -
1171 1443 1282 1481 ticum
1301 1444 1358 1481 est
1377 1467 1386 1484 ‚
1418 1449 1452 1481 ὅ(
1475 1444 1520 1481 ad
1537 1444 1760 1483 docilitatem
1784 1450 1818 1483 &
1844 1449 2083 1486 attentionem
2104 1464 2188 1501 cap-

1170 1498 1316 1536 tandam
1343 1499 1674 1537 accommodatum.
1703 1514 1731 1538 ι.
1760 1501 1841 1550 quia
1854 1504 2022 1551 repetitur
2039 1504 2189 1541 manda-

1170 1565 1247 1591 tum
1257 1566 1331 1604 quo
1346 1553 1452 1601 jubet
1464 1558 1526 1592 eos
1536 1555 1748 1606 congregari
1762 1573 1771 1598 3
1791 1566 1829 1592 ut
1846 1554 2006 1593 ostendat
2022 1555 2092 1594 hoc
2110 1556 2190 1595 offi-

1162 1610 1265 1646 cium
1285 1608 1420 1645 nullam
1438 1605 1539 1658 poffe
1556 1621 1699 1645 moram
1708 1606 1800 1655 ferre
1811 1633 1819 1649 ‚
1832 1614 1865 1646 &
1875 1622 2013 1662 tempus
2023 1607 2191 1662 esse‚quia

1168 1660 1319 1700 instabat
1336 1664 1462 1699 mortis
1476 1662 1574 1700 hora.
1600 1676 1631 1699 2.
1646 1665 1740 1714 quia·
1747 1665 1946 1714 promittit,
1967 1664 2001 1702 se
2019 1678 2073 1703 res
2081 1664 2189 1704 futu-

1170 1730 1222 1753 ras
1245 1716 1487 1764 indicaturum
1516 1720 1551 1753 &
1575 1718 1668 1766 quafi
1686 1716 1736 1753 ob
1761 1717 1884 1754 oculos
1902 1719 2098 1768 positurum
2121 1735 2131 1760 ;
2150 1719 2189 1756 id

1169 1772 1273 1822 enim
1287 1767 1460 1822 fignificat
1477 1769 1626 1807 verbum
1645 1771 1852 1819 managad,
1878 1772 1971 1808 unde
1991 1781 2052 1811 ‘1³³
2070 1768 2188 1822 negyd,

1168 1823 1291 1862 coram
1309 1823 1364 1862 vel
1381 1836 1475 1862 ante.
1503 1827 1589 1862 Sunt
1598 1834 1719 1860 autem
1728 1823 1894 1862 homines
1902 1826 1990 1862 avidi
2008 1823 2190 1878 cognitio-

1168 1880 1220 1915 nis
1235 1891 1353 1916 rerum
1369 1874 1584 1918 suturarum,
1604 1878 1762 1915 maxime
1784 1892 1860 1930 quae
1880 1893 1941 1917 eos
1954 1878 2109 1931 spectant
2127 1894 2189 1920 aut

1166 1934 1264 1971 suos.-
1280 1946 1308 1978 3.
1320 1931 1510 1984 apersona
1528 1932 1583 1969 sua
1594 1931 1637 1969 de
1647 1945 1715 1982 qua
1731 1933 1768 1968 in
1786 1935 1888 1971 tertia
1904 1933 2050 1984 persona
2069 1935 2205 1987 loqui--

1167 2001 1222 2026 tur
1242 2011 1250 2026 ,
1268 1989 1509 2024 attentionem
1526 1998 1654 2024 eorum
1672 1999 1848 2037 praeparat.
1869 1989 1946 2024 Filii
1966 1989 2064 2026 enirn
2080 1991 2188 2041 patris

1167 2041 1272 2079 verba
1283 2041 1403 2079 audire
1415 2040 1559 2083 debent,
1570 2040 1726 2077 maxime
1742 2042 1918 2092 postrema
1929 2068 1940 2083 ,
1970 2042 2085 2093 qualia
2102 2043 2183 2085 ha’c

1164 2108 1275 2135 erant.

1217 2150 1401 2189 Praemittit
1419 2162 1551 2192 autem,
1561 2151 1634 2189 haec
1651 2150 1707 2188 sua
1729 2149 1818 2189 dieta
1835 2164 1910 2188 non
1921 2150 2073 2205 vulgaria
2092 2150 2184 2195 fore,

1168 2204 1226 2243 sed
1255 2205 1462 2257 prophetica
1481 2221 1489 2247 ς
1508 2219 1583 2243 non
1603 2204 1636 2255 se
1652 2217 1903 2258 auguraturum
1937 2218 2077 2245 tantum
2094 2231 2102 2248 ‚
2125 2221 2186 2247 aut

1168 2260 1327 2298 humano
1343 2260 1476 2307 judicio
1499 2263 1738 2298 ominaturum
1750 2284 1758 2300 ‚
1777 2260 1835 2297 sed
1847 2260 1964 2311 spiritu
1973 2260 2093 2299 divino
2111 2277 2187 2301 cer-

1169 2327 1208 2352 to
1227 2313 1384 2361 afflatum
1397 2342 1407 2357 ,
1431 2314 1676 2366 praedichirum
1695 2327 1770 2366 quae
1785 2314 1857 2352 fine
1873 2313 1984 2352 dubio
2002 2316 2188 2354 finteven·

1169 2374 1254 2406 tura.
1301 2372 1397 2407 Cum
1418 2380 1540 2406 autem
1560 2366 1676 2406 futura
1697 2369 1947 2420 contingentia
1972 2368 2062 2408 solus
2088 2374 2186 2409 Deus

1167 2423 1306 2460 noverit
1323 2446 1331 2463 ‚
1351 2422 1501 2474 sequitur
1517 2422 1608 2460 hanc
1628 2422 2089 2474 Jacobidenunciationem
2106 2424 2188 2462 fuis-

1164 2476 1200 2514 -se
1217 2476 1439 2529 prophetiam
1456 2477 1618 2514 divinitus
1635 2476 1824 2515 revelatam
1843 2493 1857 2519 ,-
1887 2477 1985 2529 quod
2007 2490 2092 2515 tunc
2109 2492 2183 2515 non

1166 2530 1297 2570 facium
1317 2532 1367 2568 est
1383 2545 1446 2583 per
1463 2530 1790 2583 speciem-aliquam
1806 2530 2002 2569 senfibilem
2019 2556 2028 2572 ‚
2046 2532 2101 2569 sed
2117 2545 2180 2583 per
2208 2563 2217 2566 ,

1140 2624 1141 2627 ,
1166 2585 1463 2637 supernaturalem
1486 2587 1617 2623 mentis
1641 2585 1920 2624 illustrationem*
1936 2612 1948 2628 ‚
1984 2585 2079 2637 quod
2113 2584 2180 2622 fuit

1167 2638 1499 2679 excellentiffimum
1516 2639 1712 2692 prophetiae
1726 2652 1849 2691 genus.
1871 2641 1961 2677 ‘Hoc
1978 2651 2094 2676 autem
2112 2638 2178 2674 do-

1156 2707 1255 2733 -num
1271 2694 1385 2732 voluit
1408 2697 1505 2732 Deus
1522 2693 1627 2746 usque
1643 2695 1687 2731 ad
1704 2695 1893 2731 adventum
1912 2691 2041 2735 Mesfiae
2057 2691 2092 2725 in
2107 2692 2177 2727 Ec-

1166 2749 1275 2787 clesia.
1284 2748 1341 2786 sua
1355 2751 1474 2802 vigere
1486 2773 1494 2788 ‚
1508 2761 1548 2786 ut
1563 2762 1608 2787 ex
1617 2747 1896 2800 praedistionibus
1905 2769 1914 2785 ‚
1927 2744 2046 2793 quibus
2057 2742 2175 2780 exacte

1167 2814 1312 2841 eventus
1319 2801 1580 2854 respondebant
1601 2826 1612 2844 ,.
1636 2801 1680 2840 de
1690 2800 1830 2839 veritate
1846 2796 2023 2849 patefietae
2043 2795 2063 2830 d
2068 2797 2174 2832 octri-

1164 2863 1238 2898 nae,
1257 2858 1370 2908 magis
1389 2870 1431 2893 ac
1451 2858 1584 2909 magis,
1595 2852 2014 2904 fidelespersuaderentur.
2025 2850 2078 2886 Sic
2088 2850 2176 2886 Mo-

1165 2911 1213 2948 ses
1232 2935 1242 2951 ‚
1269 2911 1546 2948 annunciatione
1562 2909 1769 2948 futurorum,
1782 2900 2173 2953 firmavitfidempraete-

1165 2963 1668 3003 sitorumAccefficautemaex
1679 2959 1805 3013 jacobi
1812 2956 2006 3008 prophetia,
2022 2955 2175 3006 specialis

1166 3019 1303 3060 utilitas;
1317 3018 1467 3070 quodex
1479 3022 1550 3067 ejus
1560 3016 1765 3066 impletione
1775 3010 1929 3048 Israelitae
1939 3011 1972 3046 in
1978 3010 2080 3047 tellex
2086 3014 2142 3046 eri'i
2148 3021 2172 3048 t,

1168 3086 1245 3124 quae
1254 3074 1488 3125 praenunciata
1500 3080 1684 3110 erant,non
1695 3064 1780 3105 casu,
1792 3078 1905 3115 neque
1916 3076 2044 3101 naturae
2054 3061 2174 3099 neces-

1165 3128 1279 3171 fitate5
1290 3125 1347 3167 sed
1355 3128 1426 3167 Dei
1437 3125 1616 3167 voluntate
1627 3144 1636 3160 ,
1648 3125 1681 3156 &
1691 3119 1915 3157 ordinatione
1928 3112 2122 3167 contigisse:
2133 3127 2173 3152 ut

1578 3180 1602 3216 P
1611 3188 1632 3227 p
1643 3187 1694 3227 pp
1704 3187 1727 3226 p
1976 3183 2010 3207 in
2022 3182 2170 3208 omnem
