2411 3348
9 2 24 34 ἑ
449 3 454 14 ’
491 22 507 42 x

621 90 1303 151 Exnacvririo

1408 92 1450 136 x
1465 92 1496 136 t
1511 58 1595 138 vi}

2126 113 2193 154 231

51 175 153 230 gitta,
181 167 272 214 Cain
282 159 424 208 occiditj
430 163 592 206 tritavum
604 164 716 206 fiiuim
727 179 768 203 ac
777 164 907 204 deinde
918 179 956 203 re
966 168 1093 219 cogni-
1152 177 1282 219 genter
1289 167 1598 219 pei-pendamus&
1610 166 1713 207 omni
1720 167 1871 222 seposito
1879 167 2082 222 praejudicio
2091 169 2193 222 ipsuis

48 242 95 270 ta,
112 225 286 266 famulum
300 222 392 277 quali
400 220 435 259 id
445 233 490 258 ex
499 217 634 258 malitia
644 216 793 261 fecisset,
804 219 969 272 percuffit
985 221 1029 258 ad
1046 221 1089 259 li-

38 281 275 324 ινοωῃπιηιειοιὴ
284 277 430 330 quidem
441 274 605 313 occidere
616 273 672 314 sed
685 277 861 329 corripere
872 274 1011 316 volens}
1031 275 1088 313 sed

49 337 149 390 quod
162 335 333 375 correfflo
347 326 435 370 esset
443 327 635 377 uehemens
645 331 752 368 nimis
764 335 796 368 6<
807 330 1088 383 imprudensaille

49 395 159 432 etiam
169 390 330 429 moritur.
354 389 452 425 Cum
461 385 742 438 ergointellesti‘s
752 384 804 423 his
814 386 978 427 caedibus,
994 400 1084 425 uxo-

45 460 100 485 res
109 441 262 485 Lemech
271 435 552 480 turbataeessent
563 464 572 481 ,
592 443 739 493 viroque
756 441 850 478 male=
866 453 1082 481 metuerent,

44 501 104 539 ille
118 513 184 553 pro
195 494 317 537 earum
336 495 582 534 consolatione
591 496 764 548 ,exposita
783 498 836 548 pri
847 497 952 534 mum
975 499 1084 535 totius

41 554 191 594 historiae
209 552 293 591 serie
307 576 315 592 ‚
335 550 464 589 deinde
484 550 638 588 ostendit
654 549 719 589 fibi
734 564 810 589 non
833 549 935 589 facile
954 554 974 589 a
992 566 1082 605 quo-

42 622 150 663 quam
165 607 252 647 mali
270 606 401 660 aliquid
409 603 648 644 inferendum.
669 606 811 648 Audite,
824 607 882 647 ait,
902 605 960 645 seu
969 607 1082 645 nolite

40 658 196 704 nimium
207 672 379 701 metuere,
393 659 509 705 occidi
522 661 669 712 quidem
677 663 792 700 virum
803 664 962 703 Caiihin,
987 661 1021 699 id
1031 663 1081 700 est

40 733 116 773 per,
127 718 264 757 valnas
272 730 391 755 meum
401 742 410 755 ‚
428 714 513 753 seua
524 728 584 753 me
593 717 768 755 inflfflum
780 741 789 758 ,
809 722 843 755 &
864 717 981 755 occidi·
990 717 1078 754 ado-

40 774 234 814 lescentem
244 774 282 809 in
293 772 414 811 livore,
426 769 461 807 id
470 771 643 823 est,quem
655 782 795 809 tantum
804 771 847 809 ad
856 765 1007 810 livorem
1018 785 1079 810 vo-

40 830 90 869 lui
107 839 291 882 percutere
301 851 310 868 ,
328 825 386 864 sed
404 836 527 863 tamen
546 838 658 863 nemo
674 825 708 863 se
715 838 820 878 putet
829 829 1018 879 impunem
1027 851 1036 868 ‚
1054 827 1080 864 fi

39 894 186 939 propter
203 881 274 920 hoc
291 894 350 920 me
359 879 462 918 laedat
473 904 481 921 ,
506 893 590 917 nam
602 881 627 918 fi
635 883 662 917 is
673 884 733 932 qui
744 883 834 921 Cain
843 881 1080 920 deliberatum

39 937 266 978 fratricidam,
286 934 477 975 deliberate
488 930 682 976 occidisset,
687 936 817 986 septies,
837 935 894 974 seu
900 939 1077 987 graviter,

40 991 238 1048 puniendus
254 990 382 1030 fuerit:
399 989 517 1028 multo
536 991 824 1043 magispunietur
842 993 902 1043 qu‘i
912 1004 973 1028 me
984 993 1079 1028 occi-

41 1050 144 1089 derit,
157 1059 232 1084 non
243 1043 488 1085 deliberatum,
498 1043 557 1082 sed
565 1044 832 1095 imprudentem
841 1044 1078 1082 homicidam.

41 1105 131 1142 Haec
139 1101 283 1140 suaviter
292 1111 444 1152 nugatur
457 1099 659 1138 Leonardus
671 1100 803 1136 Mari'us
812 1094 958 1136 Profeff
951 1112 991 1135 or
1000 1102 1077 1137 Co-

40 1155 206 1196 l'onienfis
218 1179 227 1197 ,
247 1157 307 1208 qui
319 1155 498 1208 opinionis
516 1153 607 1191 illius
622 1154 826 1206 praejudicio
836 1152 1001 1205 abreptus
1011 1177 1019 1193 ,
1039 1154 1077 1190 in

39 1212 176 1252 nostros
194 1212 403 1263 interpretes
414 1207 620 1247 bacchatur:
639 1211 801 1246 Haretici
810 1209 958 1260 (inquit)
969 1210 1078 1245 inter-

33 1275 143 1319 pretes
150 1268 202 1303 ita
211 1264 304 1303 hunc
312 1265 423 1302 locum
428 1273 655 1315 pervertant,
677 1274 719 1301 ut
726 1277 770 1301 ex
778 1263 929 1301 Lamech
934 1262 1079 1314 faciant

31 1320 212 1373 pe'ffimam
228 1318 274 1366 ό·
289 1318 517 1358 deliberatum
529 1319 750 1357 homicidam:
768 1319 855 1356 dam
860 1321 1077 1368 preteritum

39 1374 177 1414 occidi,
200 1384 354 1411 vertunt
366 1382 429 1423 per
437 1373 612 1424 futurum
624 1373 800 1414 occidam,
819 1373 884 1411 vel
894 1373 1075 1413 occidero,

38 1441 188 1481 eumque
196 1428 423 1466 introducunt
431 1438 688 1479 contemptorem
696 1428 826 1466 divina
836 1430 1074 1467 comminatio-

39 1485 104 1524 nis,
110 1481 215 1534 posita
215 1480 336 1533 suprh,
348 1482 518 1532 adversus
528 1486 632 1521 Cain.
664 1484 754 1521 Haec
762 1483 833 1521 ille.

7 1541 43 1579 t:
91 1538 214 1580 Paulus
231 1550 276 1575 ex
286 1537 411 1590 Judaeo
427 1535 534 1576 fanus
544 1537 756 1578 Christianus
766 1562 776 1579 ,
797 1544 831 1576 &
937 1537 1023 1576 enfis
1033 1538 1076 1574 E-

39 1591 501 1645 piscopus,ydum‘perpendit
509 1591 580 1630 hoc
589 1605 843 1631 commentum
853 1607 925 1645 quo
958 1591 978 1629 εὶ
988 1592 1073 1630 Nic.

39 1651 182 1700 Lyrano
199 1648 238 1683 in
252 1645 390 1698 postilla
405 1644 518 1695 fiierat
528 1646 672 1685 allatum
684 1672 693 1688 ,
713 1652 858 1685 axioma
872 1647 1075 1685 notandum

39 1702 155 1754 ponit,
174 1706 219 1738 In
227 1700 288 1737 hoc
298 1700 363 1738 loco
374 1698 418 1745 ῤ’
418 1699 601 1750 similibus,
614 1700 676 1738 ubi
684 1707 708 1738 S
709 1704 864 1751 criptura
866 1696 1074 1752 pretermit-

0 1801 1 1807 ¹
38 1759 87 1794 tit
97 1756 236 1793 totalem
244 1754 570 1806 narrationemfhdi
579 1771 590 1791 .·
609 1755 710 1793 illam'
719 1753 948 1805 expositionem
958 1754 1077 1792 videri

0 1811 1 1833 l
37 1812 148 1861 magis
155 1809 338 1849 literalem,
357 1822 428 1860 qua
437 1809 772 1859 minusprasupponit
779 1810 821 1846 de
823 1809 916 1860 fallo
925 1808 963 1846 iri
973 1809 1077 1846 litera

36 1861 106 1914 non
113 1861 261 1914 expresso,
281 1877 314 1900 eo
325 1863 420 1914 quod
431 1866 537 1909 juxta
536 1864 748 1916 sententiam
762 1866 975 1916 Hieronymi,
988 1868 1081 1915 Qa‘

35 1921 224 1957 autoritate
233 1920 412 1968 Scriptura
425 1930 492 1954 non
496 1915 683 1958 habentur,
695 1918 812 1955 eadem
813 1917 990 1968 facilitate
1000 1930 1076 1953 con-

37 1972 259 2012 demnantur,
271 1984 344 2023 qaa
351 1970 591 2021 approbantur.
605 1971 661 2009 Ad
670 1984 778 2024 quam
787 1971 949 2024 regulam
959 1971 983 2008 fi
993 1984 1076 2007 exa-

37 2029 219 2067 minentur
227 2039 356 2079 quaeex
365 2027 481 2064 Mario
492 2025 593 2063 allata
601 2025 660 2064 sun
666 2037 690 2066 t,
710 2025 908 2063 videbimus
917 2038 992 2062 non
1002 2019 1075 2062 effe
1109 2067 1115 2073 ‚

38 2083 216 2134 Scripturae
227 2079 636 2133 interpretati'onem,sed
643 2077 802 2119 fabulam
812 2093 910 2118 extra
919 2082 1072 2131 Scriptu-

36 2148 114 2174 ram
134 2137 393 2190 excogitatam,
415 2135 459 2173 ad
477 2148 585 2188 quam
600 2135 706 2174 verba
723 2137 904 2188 Scripturae
923 2134 1073 2172 obtorto

34 2189 135 2229 collo
148 2189 337 2229 trahuntur.
347 2190 470 2229 Multo
481 2192 579 2228 enim
588 2190 686 2242 plura
695 2190 949 2243 supponuntur,
964 2201 1074 2241 quam

37 2244 182 2283 inlitera
189 2244 310 2298 scripta
324 2248 555 2297 reperiuntur.
583 2245 840 2283 nLamechum
855 2240 958 2283 fuisse
968 2257 1073 2281 vena—

37 2310 168 2341 torem,
179 2299 222 2337 de
233 2313 305 2353 quo
316 2302 353 2337 in
362 2301 536 2352 Scriptura
545 2313 590 2337 ne
601 2299 750 2339 verbum
761 2299 908 2352 quidem
919 2310 1071 2351 apparet.

38 2367 71 2391 2.
87 2349 277 2407 Egressum,
286 2349 388 2393 fuiffe
409 2356 454 2393 ad
475 2357 717 2393 venationem.
741 2367 767 2402 3.
780 2350 939 2392 habuisse
956 2352 1072 2391 famu-

39 2406 128 2448 lum,
137 2410 197 2459 qui
205 2409 401 2448 observaret
410 2420 556 2448 motum
564 2411 657 2447 inter
669 2409 817 2450 arbusta,
836 2425 870 2458 4.
882 2403 1071 2447 ostendisse

41 2459 163 2499 locum
176 2460 262 2501 hero
270 2463 331 2503 suo
340 2488 350 2505 ,
370 2469 403 2502 &
412 2463 525 2503 feram
532 2460 711 2503 indicaffe.
743 2479 768 2513 5.
782 2463 1002 2502 Lamechum
1011 2462 1072 2500 ha-

41 2509 155 2552 buisse
163 2528 280 2555 arcum
289 2523 321 2556 &
331 2518 478 2572 sagittas.
501 2522 539 2557 ⁴6.
554 2521 711 2559 Cainum
720 2519 845 2572 sagitta
854 2513 1067 2557 confodisse.

44 2581 77 2614 7.
100 2565 271 2608 famulum
285 2574 469 2625 propterea
486 2587 570 2613 cum
590 2572 732 2612 tantum
757 2575 930 2627 'castigare
951 2572 1069 2613 vellet,

43 2617 239 2664 trucidasse,
267 2629 298 2662 8.
317 2627 483 2666 Lemechi
500 2642 628 2668 uxores
644 2624 747 2667 fuiffe
764 2627 953 2681 propterea
968 2639 1071 2664 metu

43 2675 206 2715 turbatas.
218 2679 293 2715 -His
303 2680 496 2730 putribus&
505 2683 603 2721 nihili
611 2681 852 2722 fundamentis
862 2683 979 2735 pofiti's
989 2681 1071 2719 aedi-

43 2729 167 2770 ficium
176 2729 240 2767 suae
250 2732 544 2783 interpretationis
555 2736 735 2790 superstrui
739 2750 762 2776 t.
781 2743 828 2776 At
838 2739 863 2776 fi
872 2737 1013 2776 licentia
1022 2738 1071 2774 ita

43 2784 201 2838 nugandi
209 2786 246 2821 in
255 2783 353 2822 sacris
360 2791 590 2838 permittatur,
609 2792 698 2830 nihil
707 2788 830 2830 obesse
838 2794 972 2844 poterit
981 2805 1071 2843 quo-

42 2842 160 2878 minus
170 2840 350 2891 Scripturae
359 2838 565 2893 affingamus
575 2848 739 2898 quicquid
748 2848 902 2885 libuerit,
975 2860 1066 2887 aare,

0 2934 2 2940 ,
41 2908 129 2948 Pace
139 2906 266 2932 COrum
283 2895 342 2945 qui
360 2893 428 2931 tale
446 2895 530 2946 quid
546 2898 794 2942 inter-veteres,
815 2903 871 2939 vel
888 2905 1071 2955 excogita-

0 2957 1 2964 *
31 2949 135 2989 xrunt,
150 2947 258 2985 velab
268 2948 342 2985 aliis
358 2950 850 3004 excogitatumrsusceperunn
873 2956 1022 2993 dicimus
1032 2970 1073 2993 ea

0 3003 1 3010 ’
40 3005 229 3042 contemni
239 3002 369 3040 debere
379 3005 451 3054 pari
459 3001 625 3040 facilitate
635 3018 703 3056 qua
711 3013 1072 3062 proponumunquip-

903 3183 923 3201 m
932 3193 933 3197 ,

43 3113 211 3165 cogitata,
223 3112 320 3164 quod
327 3112 475 3166 planum
483 3109 546 3151 fiet
554 3136 564 3155 ‚
582 3112 608 3153 si
618 3112 742 3152 locum
753 3127 797 3152 ex
813 3112 875 3153 suo
882 3114 987 3176 fonte
996 3116 1072 3155 dili·
1097 3106 1106 3182 1

1152 221 1260 258 Mofis
1270 221 1417 260 dunum
1426 221 1621 276 sequamur.

1203 276 1321 314 Verba
1337 276 1433 318 sunt,
1464 277 1578 327 ’95:95
1594 287 1707 317 ’nrm
1728 288 1793 318 mm
1813 288 1852 320 ’³
1871 281 1903 317 ci
1917 279 1970 327 jsh
1988 280 2130 331 haragti
2141 281 2189 318 le-

1140 330 1256 381 phitfi.
1289 335 1380 387 Q
1398 331 1503 370 verba
1521 333 1615 369 Arias
1633 331 1837 372 reddiditad
1847 335 2006 375 verbum,
2028 337 2120 386 qaod
2125 339 2188 374 vi-

1147 399 1228 422 rum
1255 389 1360 424 occidi
1379 389 1417 423 in
1441 386 1577 424 vulnus
1603 399 1733 424 meum.
1770 388 2019 430 '177131'5'1‘7‘1’1
2040 391 2190 439 Rvejele'd

1145 440 1400 482 lechabburati,
1409 440 1607 491 &puerum
1617 442 1654 477 in
1666 442 1812 479 livorem
1824 443 2099 497 meumsQr-[bus
2113 459 2187 483 ver-

1144 494 1196 533 bis
1214 495 1347 534 sanefic
1366 498 1517 548 acceptis
1526 496 1660 533 videtur
1669 496 1833 548 supponi,
1860 499 2080 536 Lemechum
2092 503 2187 538 occi-

1145 546 1231 588 diffe
1245 553 1369 592 virum,
1386 557 1420 589 3<
1431 564 1580 603 puerum
1591 563 1651 588 aut
1659 551 1933 589 adolescentem:
1951 554 2055 591 verba
2065 566 2186 593 autem

1148 608 1189 642 in
1197 607 1459 654 vulnuspteum
1472 633 1480 646 ,
1502 607 1582 643 &in
1601 606 1749 643 livorem
1759 620 1876 643 meum
1885 633 1894 647 ‚
1914 608 1937 644 fi
1946 621 2053 658 prout
2061 608 2188 647 sonant

1142 663 1376 713 accipiantur,
1395 660 1483 698 nihil
1495 659 1589 698 aliud
1606 660 1864 712 fignificabtint‚
1885 675 1992 713 quam
2011 661 2112 700 fateri
2121 667 2190 701 Le-

1140 716 1312 756 mechum
1328 715 1361 753 se
1374 715 1444 754 hoc
1454 714 1560 756 fatto,
1581 714 1645 752 fibi
1656 716 1777 753 vulnus
1788 715 1982 754 &livorem
1994 714 2184 759 attraxisse,

1139 782 1199 808 aut
1217 777 1408 823 utrumque
1430 765 1697 808 commerm'ffe.
1734 770 1801 808 Sed
1821 770 1894 809 haec
1906 785 1982 823 qua:
1996 768 2188 825 sequuntur

1138 825 1220 864 huic
1238 824 1450 864 confeffioni
1478 839 1555 863 non
1573 825 1800 877 quadrarent,
1826 828 1912 877 quia
1920 827 2183 877 septempliciter

1143 878 1397 918 vindicabitur
1416 882 1530 920 Cain,
1550 879 1596 925 &⁸
1613 880 1760 918 Lemech
1769 881 1958 931 septuagies
1971 882 2101 931 septies.
2131 882 2188 919 Ad

1140 935 1223 987 quid
1239 937 1340 973 enim
1359 932 1546 973 referretur
1560 934 1647 972 illud
1659 938 1760 986 quia?
1774 936 1798 972 fi
1806 949 1871 987 pro
1881 937 2050 987 particula
2060 936 2185 974 causali

1138 990 1292 1027 sumatur
1303 1000 1313 1028 ἓ
1337 989 1484 1043 Qdfi
1494 989 1521 1030 ⁸⁴1,
1534 992 1570 1026 in
1580 989 1788 1027 nominibus
1796 989 1873 1029 illis,
1887 993 2098 1042 accipiamus
2108 1005 2186 1029 non

1139 1057 1203 1095 pro
1214 1047 1263 1084 in,
1276 1043 1333 1082 sed
1340 1054 1413 1094 per,
1427 1044 1618 1095 quomodo
1631 1047 1810 1096 accipiunt
1821 1056 1959 1082 autores
1978 1048 2182 1083 commenti

1139 1096 1235 1149 supra
1245 1101 1459 1138 memorati,
1478 1098 1651 1136 deberent
1667 1098 1714 1134 illi
1728 1099 1894 1150 exempla
1913 1097 2037 1137 afferre
2049 1103 2087 1136 in
2105 1102 2183 1150 qui—

1139 1152 1203 1190 bus
1212 1150 1336 1204 aliquis
1359 1152 1403 1189 de
1416 1152 1559 1189 vulnere
1577 1152 1681 1189 suo&
1701 1152 1811 1189 livore
1829 1153 1889 1190 suo
1905 1154 2074 1204 loquens,
2094 1155 2182 1192 illud

1138 1203 1367 1246 intellexisset
1377 1207 1486 1245 aestive
1496 1220 1561 1259 pro
1572 1206 1716 1244 vulnere
1727 1207 1800 1243 aliis
1810 1206 1829 1242 a
1845 1206 1878 1244 se
1898 1208 2033 1245 infliCto
2044 1232 2053 1248 ,
2073 1221 2132 1245 aut
2142 1209 2183 1246 li-

1140 1275 1236 1302 vore,
1249 1274 1358 1314 quem
1368 1263 1441 1300 ι’ἃιι
1456 1262 1577 1313 aliquo
1589 1263 1625 1298 in
1640 1261 1710 1299 alio
1728 1257 1929 1299 induxisset.
1967 1262 2080 1315 Qod
2090 1276 2181 1300 nun-

1139 1330 1246 1370 quam
1256 1316 1407 1355 fasturos
1417 1328 1555 1355 certum
1573 1317 1632 1353 est.
1664 1319 1754 1371 Qs
1775 1318 1875 1354 enim
1891 1330 2050 1369 unquam
2071 1317 2159 1354 dixit
2171 1343 2180 1350 .

1138 1373 1199 1411 hoc
1208 1375 1256 1409 εἶτ’
1264 1372 1401 1410 vulnus
1410 1385 1538 1412 meum,
1550 1371 1608 1408 hic
1617 1374 1666 1408 essi
1673 1372 1768 1408 livor
1779 1384 1887 1412 meus,
1900 1370 1971 1409 hoc
1980 1371 2076 1410 sensu
2092 1382 2102 1409 ἓ

1187 1426 1405 1466 Notandum
1424 1428 1473 1465 est
1483 1429 1603 1481 igitur,
1621 1426 1830 1478 particulam
1846 1436 1887 1465 w:
1909 1429 1950 1466 ci,
1968 1427 2076 1464 initio
2087 1429 2171 1478 posi-

1137 1493 1223 1523 tam,
1243 1496 1320 1519 non
1338 1477 1558 1534 effesemper
1569 1480 1754 1528 causalem,
1765 1479 1917 1534 sedsaepe
1928 1484 2016 1533 poni
2026 1482 2110 1519 loco
2130 1493 2181 1520 nie

1136 1540 1198 1577 im,
1209 1536 1246 1574 id
1257 1534 1363 1588 est,fi‚
1382 1550 1448 1589 pro
1457 1536 1626 1589 particula
1637 1534 1892 1577 conditionali,
1910 1535 2008 1588 quod
2017 1535 2183 1574 viderunt

1137 1592 1233 1629 docti
1248 1592 1311 1633 viri
1325 1592 1418 1629 inter
1428 1589 1634 1629 Pontificios
1650 1594 1770 1630 Saintes
1780 1592 1967 1643 Pagninus,
1981 1596 2014 1628 &
2031 1590 2178 1628 Isidorus

1139 1644 1292 1687 Clarius,
1311 1647 1372 1698 qui
1391 1645 1557 1684 hocloco
1572 1648 1622 1684 ita
1637 1657 1851 1698 acceperunt
1863 1669 1872 1686 2
1889 1648 1922 1682 Si
1939 1647 2046 1684 occidi
2054 1645 2178 1683 homi·

1136 1713 1234 1737 nem.
1273 1698 1442 1738 Praeterea
1459 1699 1559 1736 idem
1569 1703 1764 1752 Pagninus,
1784 1689 2002 1752 prffteritum
2009 1715 2072 1752 per
2080 1698 2178 1738 futu-

1137 1767 1218 1792 rum
1239 1755 1342 1791 vertit
1354 1777 1363 1793 ,
1384 1755 1422 1790 Si
1435 1754 1592 1790 occidero.
1610 1753 1774 1792 Noverat
1791 1756 1891 1790 enim
1910 1757 1958 1791 vir
1975 1757 2011 1792 in
2032 1754 2178 1792 Ebraica

1136 1802 1388 1847 versaffl'unus‚
1409 1807 1446 1844 id
1453 1806 1701 1859 pervulgatum
1713 1804 1796 1847 effe,
1811 1812 1844 1844 &
1853 1806 2176 1859 frequentiffimam

1137 1857 1209 1901 effe
1227 1864 1468 1900 mutationem
1485 1862 1650 1912 praeteriti
1659 1863 1696 1898 in
1708 1860 1878 1901 futurum,
1895 1861 2174 1913 quotiescunque

1133 1916 1171 1954 id
1181 1918 1271 1954 ratio
1280 1915 1451 1968 postulat3
1470 1928 1579 1967 quam
1592 1927 1715 1954 tamen
1723 1919 2055 1967 interpretationem
2067 1941 2076 1956 ‚
2088 1916 2176 1968 'quae

1136 1970 1309 2009 Monachi
1318 1968 1396 2011 fuit,
1409 1968 1534 2013 tribuit
1545 1970 1675 2007 Marius
1684 1970 1846 2015 hereticis
1855 1969 2106 2020 interpretibus.
2125 1971 2172 2007 11-

1134 2025 1195 2063 lud
1204 2037 1326 2064 autem
1334 2025 1441 2074 '93:3¹7
1456 2022 1596 2074 lephitfi,
1609 2029 1642 2062 &
1651 2025 1797 2065 'naun‘i
1806 2029 1840 2061 &
1849 2024 2100 2066 lechabburati‚
2111 2039 2174 2078 per

1135 2079 1329 2118 ablativum
1343 2080 1447 2118 vertit
1458 2102 1466 2119 ,
1484 2084 1527 2116 In
1536 2079 1686 2116 vulnere
1694 2092 1776 2118 meo,
1787 2092 1894 2130 quam
1905 2081 2173 2130 interpretatio-

1133 2149 1220 2174 nem
1232 2131 1394 2187 expreffit
1410 2132 1579 2173 Vatablus
1587 2135 1623 2170 in
1634 2134 1738 2170 notis.
1766 2135 1837 2170 Hic
1862 2134 2007 2185 (inquit)
2019 2138 2172 2182 prateri-

1133 2201 1213 2228 tum
1217 2189 1406 2241 profuturo
1416 2190 1571 2238 ponitur,
1593 2185 1637 2232 ό·
1638 2187 1811 2237 futuram
1813 2197 1874 2237 pro
1874 2190 2044 2237 preterito
2055 2187 2171 2239 perfe-

1135 2247 1183 2282 tto
1192 2272 1202 2285 ‚
1222 2246 1390 2295 vertique
1396 2242 1492 2279 debet
1500 2242 1549 2278 ad
1556 2241 1650 2279 hunc
1658 2241 1799 2279 modum
1809 2266 1818 2282 ,
1841 2246 1871 2278 E
1873 2253 1889 2278 t
1889 2241 1977 2291 sane
1998 2241 2171 2280 hominem

1133 2298 1359 2347 interficerem
1378 2298 1417 2333 in
1431 2296 1582 2334 vulnere
1597 2309 1688 2336 meo,
1710 2298 1817 2333 etiam
1830 2296 2069 2346 adolescentem
2079 2299 2116 2334 in
2129 2298 2173 2334 li-

1133 2368 1220 2392 vore
1231 2367 1303 2391 meo
1311 2380 1321 2393 ‚
1342 2352 1402 2390 hoc
1412 2354 1461 2388 ei?
1470 2376 1479 2392 ‚
1492 2349 1527 2402 si
1533 2350 1559 2388 ὰ
1576 2364 1764 2403 quoquam,
1780 2353 1885 2388 etiam
1895 2353 1977 2388 viro
1979 2349 2170 2402 fortissimo,

1133 2409 1198 2446 vel
1205 2407 1251 2445 ab
1259 2407 1464 2456 adolescente
1483 2408 1547 2458 qui
1555 2405 1698 2443 viribus
1705 2406 1816 2445 valet,
1828 2406 1964 2445 vulnus
1972 2408 2168 2455 acciperem,

1132 2465 1235 2501 illum
1243 2461 1480 2510 interficerem,
1492 2461 1593 2498 valeo
1611 2463 1701 2498 enim
1716 2459 1869 2497 viribus:
1881 2462 1969 2498 Haec
1980 2463 2028 2497 vir
2037 2460 2094 2497 ille
2104 2461 2170 2497 do-

1132 2516 1297 2556 &iffimus
1308 2543 1318 2557 ,
1338 2518 1433 2563 cujus
1460 2515 1674 2553 sententiam
1696 2528 1770 2552 non
1796 2517 1966 2567 expunxit
1988 2514 2169 2566 inquisitio

1133 2571 1333 2624 Hispanica.
1358 2572 1537 2608 Mercerus
1554 2572 1663 2608 etiam
1673 2582 1776 2607 notat
1794 2583 1837 2606 ex
1846 2568 1961 2607 Alben
1975 2570 2071 2609 Ezra,
2092 2581 2168 2616 ver-

1131 2626 1244 2665 bailla
1254 2626 1420 2678 praeteriti
1430 2626 1600 2677 temporis
1608 2626 1719 2676 accipi
1728 2619 1828 2677 posse
1841 2623 2005 2665 ὣνηπκῶς
2019 2646 2028 2664 ,
2047 2636 2083 2660 vt
2102 2623 2167 2661 fint

1129 2683 1303 2735 praeterita
1310 2694 1375 2732 pro
1385 2677 1518 2720 futuris,
1530 2690 1569 2717 ut
1584 2691 1725 2719 vocant,
1736 2677 2000 2730 potentialibus,
2013 2679 2107 2725 cujus
2116 2680 2166 2715 rei

1129 2737 1266 2788 aliquot
1279 2739 1362 2773 citat
1372 2734 1545 2786 exempla,
1558 2748 1625 2772 nec
1633 2746 1687 2771 res
1698 2735 1746 2772 est
1756 2733 1801 2770 ab
1813 2732 1885 2770 aliis
1894 2732 2022 2785 linguis
2039 2732 2164 2773 aliena,

1128 2788 1287 2829 maxime
1305 2794 1446 2830 Grazca,
1466 2791 1503 2827 in
1514 2802 1581 2841 qua
1603 2791 1818 2841 prseteritum
1831 2799 1891 2824 aut
1907 2787 2060 2824 Aoristus
2079 2784 2166 2836 saepe

1128 2845 1237 2885 futuri
1245 2848 1318 2882 vim
1327 2843 1446 2885 habet,
1459 2843 1593 2892 adjecta
1603 2844 1772 2895 particula
1784 2839 1838 2883 αἱ),
1851 2854 1928 2879 tum
1938 2853 2059 2892 autem
2078 2838 2116 2876 w*
2129 2850 2162 2875 ’2

1129 2903 1161 2938 ci
1169 2914 1231 2953 per
1232 2900 1330 2951 stine,
1342 2899 1441 2940 certe,
1454 2898 1702 2951 explicandum
1714 2893 1810 2935 effer.
1832 2895 1922 2938 Sane
1930 2894 2058 2946 ¹¹{iram
2075 2892 2160 2927 occi-

1130 2957 1244 2993 derem
1252 2966 1319 2993 aut
1328 2954 1507 2991 occiderim
1517 2956 1554 2990 in
1565 2953 1715 2990 vulnere
1723 2950 1856 2989 me0,i.fi
1869 2947 1987 2984 vulnus
1996 2945 2084 2980 mihi
2095 2956 2158 2979 co-

1129 3023 1271 3047 naretur
1280 3010 1452 3060 infligere,
1463 3013 1495 3045 &
1505 3006 1767 3044 adolescentem
1786 3004 1852 3039 five
1864 3003 2027 3036 iuvenem
2037 2996 2081 3033 ad
2089 2995 2162 3046 pla—

41 3070 86 3111 pe
101 3070 199 3095 extra
209 3059 430 3109 Scripturam,
450 3056 525 3094 imo*
545 3059 654 3094 etiam
663 3063 1001 3113 contraScrip'turam
1012 3078 1071 3100 ex·
1100 3081 1104 3104 ι
1158 3076 1217 3101 am
1232 3076 1352 3101 meam
1367 3086 1375 3102 ‚
1394 3064 1414 3098 i.
1425 3063 1449 3099 fi
1465 3075 1526 3098 me
1547 3070 1734 3097 conaretur
1745 3057 1854 3107 plagis
1864 3051 2000 3089 afficere
2012 3073 2020 3088 ν
2039 3062 2112 3086 non
2123 3049 2160 3086 id

1145 3129 1272 3159 errem,
1283 3116 1341 3156 sed
1349 3128 1433 3154 euin
1441 3115 1602 3167 protinus
1612 3109 1858 3149 confoderem.
1877 3107 1918 3142 Et
1930 3104 2002 3142 haec
2013 3103 2160 3195 ‘lwdssin

2068 3170 2119 3194 mi
2131 3172 2156 3207 ¹i
