2411 3348
219 98 235 128 r
243 97 305 139 40

217 154 327 194 terior
350 144 485 202 peccati
510 143 688 199 suggestio
706 167 715 184 ,
738 142 833 180 unde
859 141 1013 195 sequitur
1036 155 1252 195 corporeum

216 203 318 248 fuisse
332 204 530 257 serpentem
543 225 561 254 ',
570 213 633 253 per
644 210 754 252 quem
769 197 806 235 id
816 190 951 236 fafiturfi
962 193 1065 236 fuiffe
1081 200 1252 253 Scriptura

217 263 370 303 testatur.
1139 255 1149 263 ’

267 318 339 354 Hic
350 325 470 350 tamen
488 307 642 348 cavenda
654 309 703 346 est
720 307 786 346 alia
798 309 1022 350 extremitas,
1034 309 1071 346 in
1080 321 1189 361 quam
1197 309 1252 346 in-

213 371 300 410 cidit
311 366 479 422 Josephus
490 388 499 406 ,
517 363 578 402 lib.
589 375 614 401 1.
632 364 752 416 Antiq.
771 378 845 416 cap.
858 377 883 401 1.
905 363 967 401 ubi
979 364 1103 402 belluis
1117 388 1128 404 ,
1146 375 1253 415 atque

213 422 469 474 adedserpenti
488 421 526 457 in
546 420 636 457 statu
647 418 710 456 illo
722 444 731 460 ,
750 422 824 456 vim
835 418 1005 470 loquendi
1019 418 1151 457 tribuit.
1182 422 1252 458 Cui

212 479 348 517 videtur
357 478 468 514 etiam
477 474 656 528 suffragari
676 474 772 512 Bafil.
793 473 933 512 Homil.
952 474 996 512 de
1006 474 1178 514 Paradiso,
1190 474 1253 512 ubi

211 536 260 571 ait
271 544 353 571 ante
362 542 550 584 peccatum
560 528 726 568 animalia
737 525 840 567 fuisse
850 531 943 567 inter
956 530 989 567 se
1002 528 1132 568 locuta.
1149 529 1253 567 Plato

211 587 342 640 aliquid
355 586 424 625 tale
443 596 673 624 commentus
686 585 735 622 est
745 586 781 621 in
794 584 946 632 Politico
957 610 966 626 ,
985 583 1047 622 ubi
1057 587 1130 638 agit
1140 584 1184 621 de
1196 598 1251 622 re—

211 657 289 697 gno
298 643 445 683 Saturni.
471 643 563 694 Q
573 638 677 692 plane
689 637 848 679 fabulosa
858 638 934 677 sunt
944 664 952 680 ‚
972 645 1006 678 &
1024 638 1181 678 adversus
1197 653 1250 676 ra-

210 701 354 737 tionem
362 698 567 751 pugnantia.
579 697 650 735 Cui
661 697 772 733 etiam
781 708 856 732 non
867 697 1036 732 convenit
1044 697 1098 732 via
1105 695 1163 732 illa
1172 706 1250 731 me*-

212 754 281 795 dia,
293 766 401 804 quam
411 750 503 804 apud
515 749 658 788 Mosem
668 753 782 789 Bar-C
788 748 876 802 epha
886 751 923 786 in
936 749 1028 787 libro
1047 750 1091 787 de
1110 748 1249 787 Paradi-

209 808 260 850 s0‚
270 807 423 861 Ephrem
434 810 536 859 Syrus
549 803 698 844 tenuisse
712 806 985 856 dicitur,nempe
999 804 1096 856 quod
1108 804 1254 841 daemon
1278 822 1279 827 =

210 863 231 901 a
243 867 327 903 Deo
339 864 490 915 petierit,
502 873 541 899 ut
554 860 597 898 ad
610 873 749 912 tempus
761 858 969 897 facultatem
986 858 1252 911 loquendi‚imo

210 923 248 957 ὃ(
269 916 496 970 intelligendi
520 915 671 968 serpenti
696 916 881 968 largiretur
899 938 907 955 ‚
928 914 1024 966 quod
1045 913 1065 951 a
1081 916 1164 951 Deo
1186 911 1253 951 fuit

209 969 438 1013 concessum,
458 983 498 1009 ut
514 983 577 1024 per
590 983 675 1008 eum
692 981 887 1008 tentaretur
903 966 1104 1021 primorum
1122 982 1248 1020 paren-

210 1039 291 1066 tum
308 1026 525 1065 obedientia.
551 1024 685 1078 Neque
705 1027 805 1064 enim
824 1026 858 1063 ei
873 1022 948 1061 dari
963 1027 1083 1076 potuit
1100 1021 1246 1060 facultas

208 1081 435 1135 intelligendi
452 1081 515 1119 nisi
524 1093 661 1118 mutata
671 1081 772 1132 ipfius
780 1091 904 1122 natura
913 1103 922 1119 ,
941 1090 982 1117 ut
997 1091 1042 1116 ex
1051 1077 1158 1116 bruto
1171 1080 1246 1115 ani-

209 1137 298 1176 mali
310 1137 566 1174 intellefitivum
577 1134 710 1172 animal
720 1133 831 1172 fieret.

261 1192 468 1229 Dicendum
484 1191 534 1228 est
550 1192 658 1244 igitur
676 1213 685 1231 ,
712 1202 835 1227 verum
850 1183 952 1228 fuisse
969 1186 1170 1241 serpentem
1188 1188 1249 1240 qui

210 1249 321 1286 Evam
338 1245 480 1283 adortus
491 1246 557 1284 est,
577 1243 636 1283 sed
652 1242 882 1297 permissione
904 1244 1021 1281 divina
1039 1244 1059 1281 a
1081 1244 1249 1281 daemone

209 1296 407 1355 possessum
418 1324 427 1340 ‚
441 1302 501 1352 qui
512 1302 550 1336 in
560 1296 720 1352 serpente
737 1298 951 1351 loquebatur
968 1304 1003 1337 8<
1014 1296 1250 1337 ratiocinaba-

210 1355 616 1408 tur510quutumitaque
633 1350 734 1392 fuiffe
747 1368 809 1407 per
821 1353 1022 1406 serpentem
1034 1379 1042 1395 ,
1057 1352 1248 1405 quomodo

210 1424 274 1464 per
283 1422 376 1448 vates
388 1409 465 1449 suos
476 1435 484 1450 ,
501 1405 720 1463 pythonissas*
729 1431 738 1449 ,
758 1415 792 1447 &
805 1409 892 1446 alios
904 1407 923 1445 a
932 1407 965 1446 se
977 1404 1133 1447 obseffos
1144 1432 1152 1449 ,
1164 1405 1251 1458 saepe

209 1467 378 1518 loquutus
390 1466 450 1506 est,
462 1477 632 1517 tanquam
649 1477 710 1517 per
721 1476 854 1517 organa
864 1463 1026 1515 quaedam
1060 1462 1160 1502 uibus
1173 1474 1250 1514 quae

210 1521 317 1560 vellet
328 1518 558 1574 fignificabat.
581 1519 745 1557 Sedinea
762 1531 799 1557 re
817 1518 996 1571 quandam
1008 1532 1026 1556 e
1059 1533 1078 1557 e
1095 1516 1251 1556 fatemur

212 1574 551 1614 diffimilitudinem›
570 1576 651 1626 quia
671 1573 754 1610 talia
766 1574 997 1611 instrumenta
1014 1596 1022 1613 ‚
1045 1573 1107 1611 etfi
1124 1585 1249 1610 move-

209 1640 331 1669 rentur
347 1629 366 1667 ὲ
377 1630 543 1667 daemone
553 1654 562 1670 ,
574 1629 719 1681 praedita
734 1640 856 1666 tamen
874 1639 974 1665 erant
990 1626 1203 1665 naturalibus
1214 1631 1249 1663 &

209 1687 298 1738 aptis
309 1684 352 1722 ad
363 1684 535 1722 humanas
544 1697 648 1721 voces
658 1682 903 1734 exprimendas
917 1685 1058 1734 organis
1069 1707 1077 1723 ,
1092 1694 1169 1733 quae
1180 1680 1248 1718 ser-

208 1741 311 1793 penti
326 1738 431 1777 tribui
440 1753 516 1777 non
527 1734 683 1791 possunt.
707 1737 747 1774 Id
755 1749 879 1775 tamen
889 1736 1079 1788 aliquando
1095 1734 1164 1774 fuit
1174 1737 1247 1772 ani-

208 1792 431 1833 madversum
450 1795 487 1831 in
506 1792 688 1831 nonnullis
708 1816 718 1834 ,
738 1792 836 1844 quod
855 1795 959 1829 Satan
977 1805 1021 1829 ex
1040 1805 1167 1829 eorum
1185 1804 1247 1829 ore

208 1848 316 1888 verba
326 1854 359 1887 &
371 1861 500 1887 vocem
513 1847 684 1888 emiserit,
697 1850 807 1885 etiam
818 1847 893 1899 ipfis
903 1848 1029 1887 invitis,
1042 1846 1177 1885 nedum
1187 1845 1248 1884 ad-

207 1903 555 1955 juvamrbuaVerum
567 1914 607 1941 ut
617 1902 824 1953 exemplum
837 1900 1025 1939 afferamus
1034 1904 1150 1954 magis
1160 1915 1248 1938 con-

208 1961 373 1999 veniens,
393 1971 466 2010 quo
486 1959 594 1995 etiam
612 1957 687 1994 usus
710 1957 759 1992 est
777 1957 921 2008 August.
939 1955 983 1992 de
1002 1955 1129 1993 Genei]
1138 1955 1184 1991 ad
1196 1954 1248 1992 lit.

207 2013 271 2052 lib.
282 2026 313 2050 2.
323 2026 396 2065 cap.
416 2013 517 2053 29.in
533 2010 595 2048 lib.
612 2010 764 2048 Numer.
783 2023 856 2061 cap.
875 2023 928 2046 22..
951 2009 1078 2046 dicitur
1092 2009 1136 2047 de
1147 2009 1250 2047 Afina

207 2067 366 2106 Balaami
383 2064 700 2118 pseudoprophetae
717 2088 727 2105 ,
749 2063 847 2115 quod
868 2066 904 2112 in
920 2065 993 2112 ejus
1011 2077 1073 2101 ore
1090 2063 1249 2115 Angelus

209 2124 282 2160 Dei
293 2134 422 2160 vocem
434 2119 600 2158 formavit
617 2125 651 2158 ὅ(
661 2119 841 2157 articulata
854 2117 970 2159 verba,
982 2117 1107 2169 quibus
1118 2117 1247 2155 herum

208 2175 311 2216 suum
327 2177 564 2229 redargueret.
591 2174 692 2214 Nam
706 2186 743 2212 ut
762 2172 934 2226 spiritibus
947 2173 1249 2210 administratoriis

207 2232 248 2269 in
256 2231 399 2270 suorum
411 2231 564 2272 bonum,
574 2230 629 2267 vel
644 2233 680 2267 in
692 2242 838 2281 poenam
852 2230 1060 2281 impiorum,
1070 2227 1108 2265 id
1118 2240 1249 2265 conce-

210 2286 263 2325 dit
273 2290 370 2325 Deus
385 2287 566 2338 potestatis
577 2301 584 2327 ;
597 2285 642 2322 fic
654 2287 764 2322 etiarn
777 2283 855 2335 ipfis
863 2282 1088 2321 daemonibus
1100 2284 1259 2337 perm-it3

208 2343 255 2378 tit
271 2338 437 2379 inferiora
449 2340 522 2377 haec
532 2353 683 2391 corpora
693 2338 840 2376 induere
851 2361 860 2379 ‚
873 2337 928 2375 vel
939 2337 1069 2390 spectra
1078 2337 1248 2375 inducere

209 2394 419 2434 hominibus
429 2420 438 2437 ,
455 2408 582 2433 eorum
601 2393 750 2445 aspeGmi
765 2392 826 2429 illa
841 2405 1022 2444 exponere
1033 2416 1042 2432 7
1057 2392 1248 2443 aliquando

209 2453 322 2489 etiam
341 2464 405 2504 per
421 2463 502 2488 vera
518 2448 684 2486 animalia
691 2448 791 2499 loqui
801 2451 834 2484 ἅτ
845 2460 1021 2499 apparere.
1053 2446 1168 2499 Qd
1178 2447 1249 2484 mi-

209 2519 291 2545 rum
309 2507 358 2544 est
371 2529 380 2546 ,
396 2517 567 2557 tanquam
583 2502 771 2541 absurdum
789 2507 823 2539 &
836 2500 1048 2554 impossibile
1064 2502 1250 2551 objectum

207 2557 312 2600 fiu'ffe
322 2560 342 2598 a
352 2560 510 2614 Juliano,
522 2561 596 2597 viro
608 2558 741 2610 alioqui
751 2556 901 2598 erudito,
917 2568 954 2595 ut
965 2556 1074 2595 libros
1084 2556 1249 2602 Christia-

208 2614 515 2655 norumfabulosae
526 2615 686 2652 vanitatis
696 2614 934 2651 convinceret.
974 2614 1099 2666 Qim
1109 2610 1249 2663 praeser-

207 2673 276 2709 tim
288 2672 359 2719 ejus
367 2673 418 2709 rei
426 2670 540 2708 multa
551 2669 734 2722 suppetant
743 2665 907 2718 exempla
915 2668 952 2704 in
961 2668 1119 2719 probatis
1127 2666 1248 2704 Ethni-

209 2738 336 2764 corum
353 2725 511 2763 historiis.
530 2725 659 2762 Plinius
673 2724 773 2762 enim
788 2721 850 2759 lib.
862 2727 891 2759 8.
905 2735 980 2774 cap.
989 2734 1041 2770 41.
1057 2724 1150 2759 inter
1160 2735 1245 2773 pro-

176 2828 177 2832 *
207 2780 306 2835 digia
315 2778 434 2821 refert,
447 2793 493 2818 eo
502 2793 598 2817 anno
610 2793 682 2832 quo
695 2778 907 2829 Tarquinius
920 2789 1035 2829 regno
1053 2774 1166 2829 pulsus
1183 2777 1245 2818 est,

208 2835 411 2889 serpentem
427 2838 465 2873 in
481 2848 625 2873 morem
643 2835 759 2874 canis,
777 2827 925 2870 latrasse.
953 2833 997 2870 Et
1014 2832 1128 2873 Valer.
1147 2832 1244 2871 Max.

199 2890 270 2930 lib.
284 2904 309 2928 1.
320 2889 381 2929 ubi
393 2890 437 2929 de
450 2889 625 2928 miraculis
638 2891 713 2944 agit
723 2912 732 2929 ‚
744 2890 817 2925 Tit.
833 2892 862 2925 8.
880 2885 988 2925 refert
996 2885 1245 2926 fimulachrum

206 2947 361 3000 ,Junonis
372 2956 530 2983 monetae
543 2944 648 2983 verba
662 2938 845 2997 protulisse
859 2966 869 2984 ,
889 2943 978 2980 item
995 2940 1245 2986 fimulaclirum

209 3002 374 3039 Fortunae
388 2999 441 3038 bis
451 3000 642 3052 loquutum
650 2994 764 3040 fuisse,
776 2997 828 3036 his
838 2998 961 3038 verbis,
974 2998 1040 3035 rite
1048 3011 1103 3036 me
1117 3008 1246 3035 matro-

209 3068 256 3094 nae
265 3055 411 3106 vidistis,
425 3057 558 3108 riteque
571 3055 754 3105 dedicastis.
765 3052 1098 3107 Julius'Obsequens
1108 3052 1150 3090 de
1161 3055 1247 3089 Pro-

210 3109 313 3163 digiis
325 3124 398 3165 cap.
409 3115 457 3161 38.
467 3112 621 3159 Priverni
636 3109 772 3152 bovem
788 3109 952 3152 locutum
963 3103 1033 3149 effe
1048 3106 1178 3149 scribit.
1212 3112 1247 3148 &

855 72 942 116 IN
1012 70 1053 117 C
1091 82 1125 115 A
1164 67 1214 118 ιη’
1250 69 1353 116 111.

1421 71 1736 118 Genus.

1319 155 1392 195 cap.
1403 155 1462 190 40.
1478 142 1579 182 idem
1589 138 1752 181 accidiffe
1762 138 1799 180 in
1809 153 1897 195 agro
1908 144 2094 183 Romano.
2109 158 2182 199 cap.
2192 154 2236 194 53.
2253 149 2360 195 verba
2394 135 2411 168 Ψ

1319 200 1431 236 etiam
1449 198 1635 250 exprimit,
1655 203 1766 236 Roma
1785 196 1852 234 tibi
1867 211 1967 237 cave.
1996 200 2040 239 Et
2057 201 2095 237 in
2116 201 2250 241 eodem
2266 199 2360 243 libro
2396 210 2409 217 '⁷

1318 253 1505 292 multoties
1522 252 1591 291 tale
1613 253 1821 305 exemplum
1837 251 1956 292 refert.
1977 267 2135 306 cap.103.
2155 270 2230 294 non
2245 255 2372 302 solum‘

1318 307 1364 345 de
1374 307 1467 346 bove
1478 332 1487 349 ‚
1497 306 1665 349 stemma,
1676 308 1777 346 idem
1790 307 1876 345 dicit
1887 333 1895 349 ‚
1915 307 1972 346 sed
1987 310 2097 348 etiam
2114 313 2280 350 Arimini
2299 326 2360 351 ca-

1318 375 1398 400 nem
1410 362 1707 415 locutumfuiffe).
1742 365 1835 417 Q
1844 365 1969 401 omnia
1979 361 2070 402 fasta
2083 363 2161 403 sunt
2175 365 2282 417 opera
2292 367 2361 405 dae-

1317 431 1492 459 monum,
1513 418 1703 470 quomodo
1720 418 1894 457 Diabolus
1913 433 1976 470 per
1998 418 2201 472 serpentem
2221 420 2361 460 locutus

1317 473 1378 513 est,
1391 475 1471 526 quia
1482 473 1688 511 sermonem
1704 472 1865 512 humano
1878 473 2033 513 fimilem
2043 499 2053 516 ,
2067 489 2140 526 quo
2153 477 2262 514 Evam
2272 476 2361 515 allo-

1316 540 1483 580 queretur
1494 553 1503 570 ,
1521 531 1560 566 in
1571 542 1632 566 ore
1648 527 1816 580 serpentis
1827 526 2048 571 efformavit,
2061 530 2159 582 quod
2174 529 2261 569 fecit
2276 534 2360 569 Deo

1315 586 1548 635 permittente
1560 608 1568 624 ‚
1581 597 1622 621 ea
1630 586 1757 622 virtute
1771 597 1839 636 qua
1853 583 1994 635 pollent
2010 587 2122 623 etiam
2134 585 2263 639 Angeli
2273 585 2362 625 mali
2395 616 2399 621 ,

1316 639 1360 677 ad
1369 641 1481 676 varios
1494 643 1527 677 ὃ(
1536 642 1648 676 miros
1657 636 1803 677 effeetus
1815 638 2078 690 producendos,
2390 632 2411 650 ¹*

1368 694 1409 730 Id
1420 707 1503 734 cum
1514 696 1564 732 ita
1574 694 1615 731 fit
1625 718 1634 734 ,
1652 693 1824 745 quaefierit
1837 688 1982 730 fortasse
1993 692 2115 747 aliquis
2125 718 2134 735 ‚
2152 707 2213 733 cur
2226 695 2362 734 callidi-
2404 687 2411 714 5

1318 751 1398 786 tatis
1406 761 1466 787 aut
1475 750 1607 786 astutiae
1621 748 1788 799 serpentis
1799 745 1862 784 fiat
1869 749 2022 787 mentio.
2053 752 2180 804 Qim
2190 752 2290 789 enirn
2299 776 2307 792 ‚
2321 763 2359 794 ut
2408 753 2410 757 ’

1316 801 1415 856 supra
1425 803 1559 842 dietum
1569 803 1618 840 est
1629 827 1637 843 ,
1656 800 1814 854 serpens,
1832 803 1995 840 etfiinter
2010 805 2178 843 animalia
2193 801 2360 846 instinet'u
2406 792 2410 801 ¹

1318 858 1477 910 quodam
1486 856 1635 896 naturali
1649 856 1802 909 polleat,
1814 856 1913 909 quod
1927 859 2206 909 prudentiarum
2244 860 2360 900 uibus·
2404 855 2407 861 ’

1318 912 1402 951 dam
1412 913 1532 965 aliquo
1548 912 1664 951 modo
1677 910 1818 951 referat.
1829 925 1906 949 non
1921 923 2041 952 tamen
2055 917 2171 968 potest
2180 875 2358 970 assurgere

1317 968 1361 1006 ad
1371 982 1453 1007 eam
1464 968 1695 1005 calliditatem
1710 980 1787 1019 quae
1805 969 1842 1003 in
1860 970 2061 1006 tentatione
2077 970 2136 1007 illa
2152 971 2359 1022 requireba-
2395 991 2401 996 ·

1317 1035 1382 1061 tur.
1410 1024 1454 1062 Et
1462 1023 1498 1061 id
1508 1022 1658 1074 quidem
1664 1021 1830 1071 objicitur
1838 1020 1857 1058 ὲ
1868 1024 2055 1072 Caietano,
2067 1036 2106 1062 ut
2117 1024 2258 1076 probet,
2270 1026 2357 1064 alle-

1316 1078 1438 1130 gorice
1450 1077 1525 1115 haec
1536 1073 1607 1115 effe
1623 1076 1870 1130 intelligenda,
1882 1082 1914 1115 &
1924 1076 1994 1116 hoc
2005 1092 2092 1131 opus
2100 1081 2149 1116 ita
2157 1075 2259 1118 fuisse
2269 1083 2358 1120 Dia-

1317 1131 1406 1174 boli,
1418 1144 1457 1170 ut
1468 1132 1566 1184 quod
1577 1131 1703 1169 dicitur
1713 1131 1758 1169 de
1769 1131 1940 1185 serpente,
1951 1133 1996 1170 ad
2004 1132 2203 1173 naturalem
2214 1135 2357 1188 serpen·
2391 1155 2400 1171 .-

1317 1199 1394 1232 tem
1411 1201 1488 1225 non
1503 1187 1546 1224 fit
1561 1184 1800 1225 referendum.
1833 1187 1901 1224 Sed
1911 1187 1999 1226 nihil
2018 1188 2152 1231 obstat,
2165 1193 2358 1243 quominus

1316 1242 1360 1280 de
1374 1240 1534 1294 serpente
1550 1241 1770 1294 intelligatur
1779 1255 1856 1293 quae
1865 1243 2067 1282 attribuitur
2081 1245 2144 1297 ipfi
2152 1247 2274 1292 astutia
2284 1271 2293 1288 ‚
2308 1248 2359 1286 ita
2396 1239 2411 1261 κ’

1315 1309 1355 1335 ut
1366 1310 1488 1335 tamen
1507 1297 1664 1334 dicamus
1681 1295 1824 1334 Mosem
1837 1296 2034 1350 significare
2054 1295 2201 1338 voluiffe
2217 1300 2357 1339 Diabo-

1314 1352 1391 1390 lum
1405 1353 1557 1404 ingenio
1576 1350 1712 1389 vafrum
1729 1357 1763 1390 &
1780 1351 1946 1390 subtilem
1963 1377 1972 1393 2
1989 1367 2053 1405 per
2067 1353 2269 1406 serpentem
2282 1358 2358 1393 ani-

1313 1407 1388 1445 mal
1404 1419 1529 1445 natura
1544 1406 1712 1445 callidum
1729 1431 1739 1448 ‚
1759 1411 1794 1444 &
1811 1407 1860 1444 ita
1878 1406 1942 1445 suis
1957 1407 2282 1448 machinationibus
2299 1424 2358 1449 ac-

1313 1462 1556 1500 commodum
1565 1461 1609 1499 ad
1619 1461 1811 1500 hominem
1824 1462 2037 1500 tentandum
2049 1460 2235 1503 acceffiffe:
2246 1457 2358 1503 adeo·
2389 1485 2393 1508 ς
2409 1485 2411 1489 ’

1314 1531 1383 1570 que
1400 1520 1523 1555 Deum
1539 1512 1731 1569 permisisse
1741 1529 1780 1554 ut
1789 1529 1836 1553 eo
1852 1519 1970 1569 potius
1981 1518 2219 1557 instrumento
2235 1532 2355 1559 utere-
2391 1552 2397 1566 s

1314 1584 1371 1610 tur
1383 1586 1491 1623 quam
1508 1572 1579 1609 alio
1593 1597 1603 1614 ‚
1622 1585 1695 1623 quo
1712 1571 1817 1609 nobis
1834 1572 1964 1623 astutiae
1982 1578 2016 1611 &
2031 1573 2179 1611 malitiae
2194 1574 2354 1618 Diaboli,

1314 1638 1485 1679 tanquam
1503 1626 1670 1678 symbolo
1681 1626 1840 1677 quodam
1858 1625 2133 1679 exponerentur.
2163 1627 2265 1668 Nam
2282 1629 2356 1668 dae-
2374 1664 2376 1666 ,

1313 1695 1468 1728 monem
1480 1681 1629 1719 bestiam
1639 1681 1739 1718 illam
1755 1678 1914 1734 agitasse,
1929 1687 1962 1719 ὃ(
1976 1694 2145 1722 autorem
2159 1680 2262 1723 fuisse
2272 1696 2354 1722 ten-

1313 1738 1457 1774 tationis
1466 1736 1568 1777 illius,
1581 1738 1763 1788 Scripturae
1770 1749 1837 1773 nos
1851 1736 2012 1775 dubitare
2021 1752 2098 1776 non
2114 1739 2232 1777 finunt
2241 1764 2251 1781 ‚
2277 1751 2356 1791 quae
2389 1732 2393 1734 ,

1312 1790 1408 1843 ubiq;
1428 1792 1597 1829 testantur
1606 1789 1805 1829 Diabolum
1823 1787 1926 1830 fuiffe
1935 1791 2085 1831 humani
2097 1797 2239 1848 generis
2254 1792 2355 1833 sedu-
2402 1825 2404 1827 »

1311 1849 1461 1886 erotem,
1473 1860 1513 1884 ac
1530 1847 1775 1897 deceptorem,
1788 1847 1848 1896 qui
1859 1845 1942 1883 ideo
1954 1851 2060 1898 Joan.
2072 1853 2103 1888 8,
2113 1850 2216 1896 φαμι.
2227 1849 2356 1888 dicitur
2389 1845 2398 1888 ⁵,

1312 1901 1485 1938 homicida
1491 1899 1593 1948 fuisse
1604 1899 1650 1936 ab
1661 1901 1769 1936 initio.
1776 1901 1873 1936 Hinc
1884 1899 1932 1936 est
1942 1900 2040 1951 quod
2047 1903 2230 1953 Scripturae
2241 1905 2353 1942 etiam
2377 1906 2396 1935 θ’

1313 1953 1524 2004 Diabolum,
1534 1952 1735 2003 serpentem
1747 1957 1780 1989 δε
1792 1952 1988 1991 draconem
1997 1955 2176 2008 appellant
2185 1980 2195 1997 ‚
2215 1968 2255 1994 ut
2270 1971 2290 1995 2
2306 1957 2352 1997 ad

1316 2008 1508 2054 Cor.11.517.
1520 2020 1546 2052 3.
1574 2011 1698 2043 Metuo
1707 2020 1750 2044 ne
1770 2008 1934 2058 quomodo
1942 2010 2076 2060 serpens
2094 2011 2151 2048 ille
2166 2013 2350 2062 Evamse-
2376 2025 2380 2029 ·

1314 2062 1420 2100 duxit
1432 2061 1622 2098 calliditate
1631 2062 1711 2110 sua,
1723 2064 1777 2099 ita
1785 2073 1943 2113 corrupta
1954 2076 2085 2102 mentes
2100 2067 2235 2116 vestra,
2254 2066 2361 2118 dege-2
2377 2072 2383 2076 ’
2410 2090 2411 2098 1

1316 2126 1437 2154 nerent
1451 2115 1477 2152 ὰ
1484 2114 1708 2167 simplicitate
1723 2130 1794 2169 qna
1810 2117 1855 2167 est
1869 2120 1910 2155 in
1934 2119 2088 2170 Christo.
2120 2123 2211 2176 Qs
2228 2133 2352 2161 autem
2367 2129 2376 2162 ἶ

1313 2169 1487 2210 fueritille
1502 2169 1641 2223 serpens
1659 2173 1800 2220 cujusin
1810 2186 1851 2210 ea
1859 2187 1897 2211 re
1906 2176 2080 2231 praecipua
2089 2173 2156 2214 fuit
2173 2178 2351 2228 opera,in-
2375 2188 2381 2195 ·

1316 2226 1409 2264 dicat
1423 2229 1528 2279 Joan.
1547 2231 1660 2278 Apoc.
1672 2239 1730 2264 20.
1747 2228 1828 2275 522.
1857 2234 1906 2277 Et
1920 2229 2142 2280 apprehendit
2156 2231 2349 2274 draconem,
2390 2247 2391 2253 ¹

1308 2282 1498 2332 serpentem
1522 2283 1672 2334 inquam
1693 2284 1887 2337 antiquum
1903 2310 1914 2325 ‚
1947 2286 2012 2338 qui
2035 2288 2085 2324 eff?
2106 2285 2279 2326 Diabolus
2304 2285 2351 2332 ό*

1315 2341 1478 2374 Satanan.
1927 2358 1930 2359 ν

1365 2392 1438 2429 Ηιε
1448 2393 1560 2431 oritur
1568 2392 1731 2445 quaedam
1742 2393 1944 2436 difficultas,
1957 2408 2002 2434 ex
2019 2399 2065 2435 eo
2083 2397 2181 2449 quod
2198 2401 2355 2435 contem

1313 2445 1431 2483 dimus
1448 2458 1473 2484 1.
1491 2446 1690 2498 serpentem
1699 2460 1774 2485 non
1792 2446 1946 2500 potuiffe
1957 2463 2081 2490 natura
2091 2451 2147 2490 sua
2162 2450 2349 2490 intendere

1311 2499 1470 2538 hominis
1487 2504 1746 2544 tentationem,
1763 2503 1991 2557 intelligendi
2005 2504 2173 2546 facultate
2191 2500 2348 2549 caruiffe3
2397 2510 2398 2513 ’

1313 2560 1347 2593 &
1356 2555 1522 2608 praeterea
1532 2581 1541 2598 ,
1560 2556 1660 2610 loqui
1671 2571 1747 2596 non
1763 2554 1917 2611 potuiss'e
1928 2583 1938 2600 ,
1949 2560 2012 2597 nifi
2022 2561 2233 2613 impellente
2249 2564 2348 2599 Sata·
2395 2590 2396 2595 ,

1310 2624 1366 2654 na.
1395 2610 1495 2650 Nam
1506 2625 1549 2649 ex
1560 2625 1605 2650 eo
1617 2611 1770 2663 sequitur
1785 2611 1986 2665 serpentem
1995 2627 2071 2653 non
2087 2611 2189 2654 fuisse
2198 2619 2236 2654 in
2246 2613 2349 2668 'culpa

1311 2679 1383 2718 quo
1393 2664 1515 2704 abusus
1524 2667 1573 2704 est
1582 2666 1737 2708 daemon,
1749 2668 1893 2717 quando
1908 2667 1995 2706 illud
2003 2683 2078 2707 non
2086 2673 2206 2723 potuit
2213 2683 2356 2723 praeca-‚
2392 2670 2394 2686 ³

1309 2733 1390 2760 vere
1407 2719 1553 2760 brutum
1561 2722 1693 2759 animal
1707 2745 1717 2762 >
1728 2724 1809 2774 quia
1818 2736 1886 2761 nec
1895 2721 2001 2766 scivit>
2012 2739 2080 2765 nec
2090 2726 2267 2765 intellexit
2276 2725 2346 2764 bo-
2357 2741 2370 2759 .>

1309 2778 1346 2814 ni
1359 2775 1412 2814 vel
1426 2776 1512 2814 mali
1529 2775 1726 2814 discrimen.
1755 2780 1898 2816 Tamen
1911 2779 2069 2819 videmus
2086 2782 2206 2834 postea
2221 2783 2352 2820 Deum*

1308 2826 1529 2869 maledixisse
1544 2830 1696 2884 serpenti
1713 2856 1724 2873 ,
1742 2832 1836 2872 unde
1853 2834 1975 2889 colligi
1994 2832 2096 2889 pofl’e
2114 2830 2269 2877 videtur,
2288 2833 2344 2874 vel

1306 2900 1370 2939 per
1385 2885 1586 2939 serpentem
1594 2887 1872 2942 intelligendum
1881 2887 1952 2929 effe
1963 2891 2170 2930 daemonem
2180 2904 2264 2930 cum
2273 2894 2344 2931 Ca-

1307 2944 1447 2993 jetan05
1466 2942 1555 2981 velfi
1568 2939 1769 2995 serpentem
1782 2943 1924 2998 proprie
1936 2946 2070 2986 dietum
2087 2946 2341 2998 intelligamus,
2360 2979 2363 2983 ,

1307 2996 1582 3036 concedendum
1593 2995 1677 3039 effe,
1687 3002 1826 3038 ratione
1842 2997 1944 3039 fuiffe
1953 3002 2158 3054 praeditum>
2168 3003 2228 3053 qui
2235 3011 2344 3053 poena

1308 3052 1435 3106 dignus
1450 3049 1518 3090 fuit
1524 3052 1696 3102 judicatus
1705 3053 1755 3092 ob
1764 3054 1940 3094 seductam
1953 3056 2154 3094 mulierem.
2180 3055 2350 3108 Respon-·
2365 3050 2369 3056 *

1309 3107 1434 3151 demus
1445 3119 1569 3151 tamen
1585 3121 1754 3153 neutrum
1768 3109 1883 3165 sequi,
1902 3115 1937 3153 δε
1954 3110 2045 3153 nihil
2061 3105 2133 3153 effe
2149 3109 2284 3203 absurgi
2294 3106 2340 3150 ,fi

2280 3172 2340 3203 eus
