2411 3348
685 90 1375 134 Eirene-tratre
1443 87 1537 132 IV.
2129 109 2176 150 ¹9

36 169 126 216 'non
142 187 229 229 pote
266 198 276 216 ‚
293 172 374 226 quia
384 168 555 220 Scriptura
569 160 730 220 eripi-effe
743 166 830 203 dicit
841 167 964 202 Deum
980 177 1025 201 ex
1042 162 1084 200 h·-

21 248 24 249 ’
49 245 116 270 mo
132 242 230 269 terrae
240 222 360 277 feciffe
372 224 575 265 hominem,
585 227 620 260 ὃ(
630 215 806 274 inspirasse
823 222 860 257 in
869 217 1000 256 faciem
1009 219 1082 266 ejus

50 284 256 339 spiraculum
272 281 500 328 vitam-'Ratio
513 279 624 315 etiam
643 276 795 321 ostendit
805 299 813 315 ‚
825 274 863 311 id
880 273 923 311 ab
938 273 1084 326 Angelis
1118 309 1120 313 Α

48 341 124 380 fieri
135 344 210 377 non
227 332 392 389 potuisse.
420 333 520 372 Nam
532 331 702 370 effffirum
718 329 916 369 naturalem
933 327 1036 380 perst-
1048 333 1083 365 &

47 397 104 435 sua
118 383 151 432 ri
163 391 291 445 Angeli
307 404 383 428 non
395 384 541 442 poffunt
560 387 756 441 producere
773 410 781 426 ,
799 385 857 422 sed
870 382 1012 421 tantum
1022 396 1086 435 per

0 486 2 488 ,
49 447 160 488 causas
176 445 349 484 naturales
366 442 528 496 cujusque
543 440 690 481 effeetus
706 442 861 494 proprias
872 464 880 480 ‚
901 452 957 476 eas
975 437 1084 490 appli-

47 502 163 543 cando
187 507 220 540 &
240 499 453 552 coaptando·
486 502 583 537 Cum
600 510 722 535 autem
739 497 843 534 limus
860 506 959 532 terrae
976 517 985 534 ,
1008 491 1084 529 talis

47 557 145 597 causa
167 556 329 594 naturalis
348 568 424 593 non
441 552 547 590 fuerit
565 577 573 593 ‚
603 566 645 590 ex
664 566 734 604 qua
752 550 900 603 produci
924 550 1083 601 potuerit

38 612 172 654 homo,
183 622 354 664 tanquam
370 607 515 647 effestus
532 621 577 645 ex
595 610 628 644 vi
644 610 715 656 ejus
731 605 907 658 pendens,
920 603 983 640 soli
998 605 1082 640 Deo

46 667 276 706 tribuendum
293 666 353 705 est,
366 663 464 716 quod
478 677 524 702 ex
536 675 612 700 tam
622 661 681 699 vili
697 664 857 701 materia,
870 671 944 697 tam
961 657 1080 695 excel-

46 724 120 760 lens
136 720 269 759 animal
285 718 499 756 formaverit.

100 792 129 814 2.
158 774 323 813 Personas
340 773 413 811 illas
433 786 510 825 quae
526 771 637 809 verbo
647 771 827 823 faciamus
843 768 997 821 intelligi
1017 766 1079 804 de-

47 833 146 872 bent,
158 843 270 868 unum
282 828 509 879 eundemque
527 829 649 864 Deum
667 840 751 864 cum
761 826 835 867 illo,
848 827 908 878 qui
924 823 993 861 hoc
1004 836 1080 859 ver-

46 886 96 924 bo
109 885 182 922 usus
193 884 428 921 introducitur
444 876 567 921 fuisse,
588 895 631 918 ex
650 895 696 918 eo
712 879 828 932 patet,
849 878 944 932 quod
962 876 1083 930 postea

47 939 164 978 Moses
179 938 376 991 subjungit,
388 942 507 973 Deum
525 934 686 985 creavzffe
703 935 894 975 hominem
915 932 1012 984 quod
1029 945 1082 968 re-

46 997 177 1047 petitur
192 994 295 1031 initio
309 1005 413 1044 cap.5.
423 997 466 1027 In
483 991 536 1026 die
548 1003 621 1040 qua
637 992 777 1026 creavit
786 994 885 1024 Deus
897 989 1081 1024 hominem:

47 1052 142 1098 cujus
159 1049 380 1086 creationem
397 1044 523 1082 nullibi
539 1046 636 1080 Deus
655 1043 801 1092 Angelis
821 1041 953 1078 tribuit.
985 1039 1083 1079 Alio-

32 1100 131 1155 quin
147 1104 256 1141 etiam
273 1097 415 1153 poffent
432 1099 502 1136 dici
519 1108 694 1136 creatores
709 1096 953 1134 hominum‚&
966 1093 1090 1145 homos

46 1157 190 1211 Angelis
215 1155 336 1206 subjici
361 1154 508 1193 deberet
532 1163 570 1190 ut
595 1164 752 1190 creatura
778 1150 956 1189 creatori,
984 1147 1082 1200 quod

46 1226 153 1265 quam
169 1211 356 1250 absurdum
372 1211 413 1247 fit
428 1221 541 1262 nemo
558 1206 655 1244 sanus
665 1219 741 1244 non
758 1204 862 1243 videt.

97 1282 124 1314 3.
157 1268 309 1305 Maximi
325 1265 490 1317 ponderis
509 1273 765 1316 argumentum
785 1260 1013 1311 desumptum
1033 1258 1081 1294 est

46 1337 89 1360 ex
108 1336 165 1363 eo,
177 1321 275 1374 quod
292 1319 426 1358 addidit
442 1322 549 1359 Deus,
561 1319 611 1355 ad
619 1319 808 1366 imaginem
827 1313 1082 1365 &similitudi-

45 1391 124 1415 nem
140 1380 302 1414 nostram.
328 1374 425 1426 quod
441 1384 696 1427 argumentum
714 1370 818 1411 video
838 1372 949 1408 etiam
966 1371 986 1405 a
1003 1367 1081 1405 Phi-

48 1431 185 1483 lopono
194 1426 295 1468 fuisse
306 1429 518 1481 uliirpatum,
531 1431 566 1464 in
585 1437 784 1464 comment.
796 1425 839 1463 de
850 1423 977 1462 mundi
987 1436 1081 1459 crea-

44 1488 159 1526 tione,
172 1485 231 1523 lib.
244 1496 357 1537 6.c.1p.
368 1499 393 1531 3„
408 1484 592 1523 editionis,
613 1495 689 1533 quae
708 1494 819 1532 nuper
829 1483 979 1517 Viennae
995 1491 1079 1530 pro-

48 1540 122 1577 diit.
148 1541 343 1592 Nunquam
361 1541 459 1578 enim
476 1539 590 1576 homo
606 1540 643 1573 in
661 1539 833 1587 Scriptura
850 1535 977 1572 dicitur
987 1546 1082 1569 crea-

47 1608 103 1632 tus
115 1591 213 1632 fuiss'e
223 1595 266 1632 ad
276 1596 477 1648 imaginem
489 1590 786 1645 Aiigelort1m2led
798 1589 928 1641 ubique
939 1588 983 1626 ad
992 1590 1082 1624 ima—

49 1652 172 1701 ginem
190 1652 270 1687 Dei.
296 1649 462 1686 Smalcius
480 1649 754 1686 Antitrinitarius
772 1670 780 1686 ‚
806 1647 842 1681 in
860 1643 963 1682 refut.
983 1641 1081 1679 The—

48 1703 134 1741 seon
145 1704 333 1755 Schopperi
352 1704 395 1740 de
416 1704 544 1739 Trinit.
564 1714 644 1753 pag.
656 1706 685 1737 8.
708 1699 846 1749 Falfitm
857 1698 994 1748 prorsws
1006 1710 1081 1733 cen-

42 1758 191 1807 sendum
202 1756 257 1807 effi:
274 1760 332 1798 ait,
345 1756 436 1808 quod
451 1755 546 1792 homo
559 1768 626 1791 non
636 1754 750 1804 fuerit
762 1753 918 1789 conditus
935 1753 983 1788 ad
991 1755 1081 1787 ima-

43 1815 161 1862 ginem
179 1813 413 1861 Angelomm,
425 1810 595 1859 sedsolius
613 1811 692 1844 Dei.
724 1808 898 1844 Rationes
911 1804 1032 1844 affert,
1054 1816 1079 1840 1.

48 1867 141 1918 quod
156 1867 330 1916 nusquam
349 1866 474 1913 legitur
489 1876 546 1899 nos
561 1865 610 1899 ad
619 1863 725 1910 fizlizos
741 1864 811 1897 Dei
828 1863 1014 1910 imaginem
1027 1856 1082 1908 effi

48 1931 181 1958 creatos.
187 1917 272 1968 POffi
288 1917 519 1967 autemfact‘le}
525 1915 617 1962 fieri,
629 1926 672 1951 ut
684 1918 747 1966 qui
757 1916 806 1951 ad
816 1917 1003 1963 imaginem
1012 1915 1083 1949 Dei

48 1973 413 2023 creatmfuit,creatm
424 1974 531 2008 etiam
533 1968 582 2020 fit
590 1970 640 2006 ad
650 1972 839 2019 imaginem
850 1968 1078 2017 Angelorum.

49 2033 143 2066 Cum
154 2031 245 2065 enim
257 2030 402 2078 (inquit)
413 2028 539 2077 imago
552 2025 622 2061 Dei
639 2022 790 2074 consistat
802 2027 840 2060 in
852 2025 983 2060 ratione
992 2049 1001 2062 ‚
1022 2022 1086 2058 vel

47 2086 193 2134 imperio,
206 2083 269 2120 vel
277 2093 387 2132 utroqj
397 2080 516 2131 fimul,
533 2080 622 2131 quid
636 2081 900 2116 convenientius
911 2081 959 2115 eft*
973 2090 1082 2129 quam

48 2139 219 2176 hominem
231 2149 387 2175 creatum
404 2133 460 2185 effi?
476 2136 563 2174 dici,
575 2135 624 2171 ad
638 2137 826 2183 imaginem
847 2133 1081 2182 Angelorum?

49 2198 143 2230 Cum
166 2191 210 2238 (θ’
229 2191 288 2243 ipfi
307 2205 374 2230 non
390 2193 508 2229 minus
521 2191 652 2227 ratione
673 2188 841 2234 &mente
851 2188 986 2239 prediti
994 2186 1078 2238 sint,

51 2246 95 2293 ὠ»
106 2248 286 2297 imperium
309 2245 460 2285 habeant
478 2244 552 2290 &a
564 2251 578 2279 ἓ
599 2249 655 2281 An
673 2244 802 2297 Angeh'
820 2244 864 2281 ad
879 2245 1080 2297 imaginem

49 2303 119 2340 Dei
129 2304 236 2340 creati
251 2300 382 2340 suerint
394 2314 520 2340 necne,
531 2313 627 2337 nunc
638 2313 715 2337 non
733 2299 869 2352 disputo
880 2323 889 2340 ‚
901 2301 983 2351 quia
991 2298 1027 2335 id
1038 2297 1082 2335 ad

49 2368 126 2394 rem
135 2356 276 2409 proprie
294 2370 370 2395 non
381 2355 477 2393 facit.
502 2353 572 2410 Sqd
587 2353 779 2393 hominem
796 2354 839 2392 ad
857 2354 1082 2408 Angelorum

3 2456 6 2457 ⁷
49 2412 247 2464 imagin-em
256 2407 358 2450 fuisse
375 2423 552 2451 creatum>
567 2409 637 2448 hoc
655 2412 704 2448 est
720 2410 818 2463 quod
834 2410 1009 2464 negamus
1020 2434 1028 2450 ‚
1048 2414 1082 2445 ὃ(

52 2466 148 2516 quod
158 2480 234 2504 non
251 2469 417 2505 evincunt
436 2465 615 2504 adversarii
631 2464 850 2518 sophismata.
874 2479 900 2502 1.
925 2465 994 2503 Etfi
1004 2477 1083 2516 par-

54 2520 156 2558 ticula
165 2521 334 2560 exclufiva
344 2522 461 2571 filim,
476 2534 552 2558 non
564 2520 712 2560 addatur
725 2521 869 2559 nomini
884 2521 966 2562 Dei,
977 2520 1014 2557 id
1033 2531 1084 2556 ta·

2 2614 3 2618 ,
55 2585 139 2612 men
161 2574 281 2614 sufficit
305 2577 348 2614 ad
376 2576 584 2615 exclufivam
608 2575 966 2628 subintelligendam,
985 2574 1084 2626 quod

56 2626 178 2665 nullibi
189 2633 358 2683 Scriptura
372 2631 466 2670 dicat
483 2631 676 2669 hominem
692 2625 794 2669 fuiffe
804 2642 964 2668 creatum
979 2629 1024 2668 ad
1035 2629 1084 2666 al-

59 2682 167 2718 terius.
175 2684 382 2738 imaginem,
395 2700 503 2738 quam
518 2688 601 2723 Dei.
614 2688 715 2724 Eum
732 2698 854 2725 autem
871 2688 932 2738 qui
950 2696 1084 2724 creatus

60 2734 110 2771 est
126 2733 168 2772 ad
182 2737 376 2794 imaginem
387 2744 469 2783 Dei,
482 2753 641 2780 creatum
652 2737 722 2779 effe
737 2743 783 2779 ad.
797 2741 1000 2794 imaginem
1011 2744 1099 2778 An-·

60 2787 326 2849 gelorummon
343 2796 506 2848 sequitur,
526 2797 662 2835 etiamfi
680 2796 960 2839 concederemus
977 2798 1016 2833 in
1033 2808 1086 2831 ra-

62 2854 160 2880 tione
177 2848 210 2880 &
219 2845 377 2891 dominio
396 2853 580 2890 confistere
589 2851 688 2889 illam
703 2849 995 2905 imaginem,imo
1005 2851 1085 2887 &in

61 2896 208 2958 Angelis
218 2895 503 2959 ‘effeuimaginem
518 2907 692 2945 DeiNon
709 2909 808 2945 enirn
820 2920 890 2944 una
900 2908 1025 2957 imago
1036 2905 1085 2942 est

59 2951 201 2988 alterius
212 2956 373 3006 imaginis
387 2961 509 3013 imago
522 2986 530 3002 ‚
542 2959 600 2999 sed
613 2973 759 3013 utraque
776 2964 973 3014 prototypi.
1001 2959 1083 2999 Nec

59 3019 139 3057 quae
155 3005 233 3044 sunt
249 3010 286 3044 in
302 3010 456 3063 imagine
472 3017 634 3067 requifita
652 3028 866 3069 competunt
881 3016 1023 3054 homini
1041 3016 1085 3054 ad

54 3061 219 3123 Angelos
229 3062 351 3101 relato.
359 3063 450 3104 Non
458 3071 554 3107 enim
567 3066 690 3109 sufficit
699 3070 990 3126 fimilituquuia
998 3070 1086 3108 alio-

62 3128 123 3166 qux
133 3128 244 3160 omne
259 3118 372 3163 fimile
384 3114 471 3167 esset
481 3121 529 3163 sui
541 3125 658 3166 fimih's
667 3129 806 3179 imago,
818 3139 928 3166 ovum
946 3128 1021 3167 ovi>
1032 3125 1086 3166 lac

1144 161 1238 200 lastis
1250 187 1258 203 ‚
1277 163 1338 200 nix
1357 163 1442 199 nivis
1459 167 1525 200 &c.
1555 161 1623 200 Sed
1637 161 1825 214 requiritur
1837 161 2074 216 dependentia
2092 191 2100 208 ‚
2119 173 2183 220 pe‘

1144 231 1255 268 quam*
1279 215 1392 255 Caesar
1410 219 1535 272 imago
1550 218 1669 255 statuae
1689 230 1766 255 non
1782 218 1832 255 est
1849 243 1858 260 ‚
1876 219 1934 256 sed
1954 221 2065 259 statua.
2078 222 2181 260 illius³

1143 271 1225 310 Nec
1235 273 1259 310 fi
1269 273 1341 310 duo
1354 272 1520 310 homines
1536 275 1572 309 in
1588 270 1692 310 faciei
1710 272 1936 317 lineamentis
1953 279 2180 321 conveniant,

1143 329 1192 364 ita
1208 339 1247 364 ut
1256 327 1343 365 alter
1355 328 1505 365 alterum
1515 325 1654 368 referat,
1665 331 1766 366 unius
1780 330 1918 382 imago,
1929 344 2004 367 non
2015 333 2180 369 eritima-

1143 394 1193 434 go
1203 382 1353 423 alterius,
1365 382 1423 421 sed
1435 385 1506 433 ejus
1519 394 1660 420 tantum
1677 383 1722 420 ad
1734 397 1843 436 quem
1863 384 2183 436 repraeientandum

1143 436 1208 474 fuit
1234 433 1409 489 exprefla.
1438 437 1553 476 Adam
1571 442 1605 474 ὅ(
1623 439 1691 475 Eva
1708 441 1815 476 creati
1831 437 1974 477 fuerunt
1990 441 2035 477 ad
2054 443 2182 493 imagi-

1144 504 1231 528 nem
1248 495 1318 530 Dei
1333 517 1341 533 ,
1356 507 1423 530 nec
1438 505 1560 530 tamen
1576 506 1664 530 unus
1681 491 1748 530 fuit
1764 493 1808 530 ad
1825 494 1963 532 alterius
1980 498 2181 549 imaginem

1145 558 1289 584 creatus.
1317 551 1370 585 Sic
1390 548 1434 585 de
1445 546 1614 584 omnibus
1629 546 1836 585 hominibus
1853 550 1921 587 dici
1932 551 2059 601 potest,
2071 551 2183 602 quiad

1144 603 1344 655 imaginem
1362 604 1433 640 Dei
1444 603 1552 640 creati
1569 601 1658 643 sunt,
1669 617 1747 640 non
1764 614 1886 641 tamen
1904 603 1980 640 sunt
1997 605 2084 642 alter
2096 605 2182 643 alte-

1143 660 1212 695 rius
1230 670 1365 709 imago.
1394 657 1582 698 Praetercd‚
1604 658 1676 695 fiin
1693 658 1860 695 dominio
1880 659 2041 696 consistat
2057 662 2184 714 imago

1144 716 1213 750 Dei
1227 738 1235 754 ‚
1248 713 1346 764 quod
1362 714 1518 749 maxime
1533 714 1711 750 Sociniani
1729 725 1878 765 urgent,
1898 719 1932 750 δε
1949 727 1992 750 ex
2009 727 2107 766 parte
2124 729 2182 752 ve-

1143 781 1224 805 rum
1242 763 1313 805 effe
1330 781 1405 804 non
1416 780 1600 820 negamus3
1612 780 1650 805 ut
1666 768 1782 805 homo
1800 768 1844 805 ad
1853 768 2079 821 Angelorum
2091 772 2182 807 ima-

1143 825 1267 875 ginem
1283 834 1443 860 creatum
1460 819 1562 860 fuiffe
1578 822 1806 875 probaretur,
1824 837 1900 860 non
1916 823 2088 861 {iifl-iceret
2105 829 2176 864 An-

1143 878 1230 930 gelis
1254 877 1408 928 aliquam
1433 878 1731 915 dominationem.
1751 892 1795 916 ex
1818 880 1990 930 Scriptura
2016 878 2181 919 tribuerez

1143 933 1201 970 sed
1222 932 1560 970 dominationemin
1577 932 1666 984 ipsos
1684 931 1861 970 homines
1890 938 1937 971 At
1946 933 2117 985 nusquam
2127 946 2179 971 ta-

1144 989 1176 1024 le
1194 988 1399 1024 dominium
1410 988 1555 1040 Angelis
1572 984 1673 1030 fuisse
1684 987 1807 1034 datum
1824 986 1991 1026 scribitur.
2002 1002 2085 1026 cum
2094 990 2181 1026 Scri-

1143 1053 1254 1093 ptura,
1267 1040 1458 1076 hominem
1475 1042 1538 1077 soli
1555 1045 1639 1079 Deo
1657 1041 1833 1091 subjiciat,
1845 1048 1878 1080 &
1895 1046 2041 1081 Socinus
2058 1043 2118 1080 lib.
2137 1043 2181 1080 de

1128 1098 1217 1142 stat.
1230 1108 1254 1131 1.
1272 1095 1428 1132 hominis
1439 1109 1511 1146 cap.
1522 1109 1554 1131 z.
1571 1108 1652 1146 pag.
1666 1101 1717 1139 87.
1735 1098 1913 1145 agnoscat,
1930 1099 2079 1147 Angelos
2090 1097 2177 1147 ipsos.

1146 1152 1314 1201 quamvis
1325 1150 1374 1186 ad
1389 1149 1535 1186 hominia
1546 1150 1649 1198 usum
1660 1163 1727 1186 non
1739 1152 1863 1201 utique
1882 1162 2009 1187 creatos
2020 1179 2028 1191 ,
2048 1151 2180 1188 homini

1144 1216 1263 1241 tamen
1276 1231 1285 1243 ,
1297 1207 1368 1240 Dei
1384 1203 1471 1254 jussu
1481 1231 1490 1243 ‚
1503 1204 1674 1253 inservire
1686 1231 1695 1244 ‚
1716 1208 1769 1242 ita
1780 1216 1822 1241 ut
1834 1205 2039 1254 nihilplan}
2052 1204 2106 1255 esse
2115 1209 2177 1242 vi-

1142 1261 1268 1296 dentur
1277 1269 1396 1308 prater
1407 1264 1526 1296 Deum
1538 1259 1647 1308 ipsum
1657 1285 1666 1299 ,
1682 1260 1776 1310 quod
1789 1259 1921 1297 homini
1935 1261 2060 1312 aliqua
2076 1264 2179 1297 ratio-

1142 1328 1184 1351 ne
1193 1313 1387 1364 subjeci‘um
1400 1312 1465 1363 effi,
1478 1314 1546 1350 dici
1557 1313 1758 1363 nonpoffitJ.
1774 1314 1979 1368 Qmodo
1996 1317 2104 1368 igitur
2113 1314 2180 1352 ho·

1143 1383 1219 1409 mo,
1231 1371 1370 1406 ratione
1387 1369 1561 1409 dominii,
1572 1367 1617 1406 ad
1632 1371 1833 1422 imaginem
1851 1369 2076 1422 Angelorum
2092 1366 2180 1407 eflet

1143 1434 1298 1461 creatus?

1195 1479 1261 1517 Sed
1278 1478 1456 1531 praeterea,
1469 1480 1507 1515 in
1524 1478 1635 1517 verbis
1651 1481 1722 1516 Dei
1739 1478 1758 1516 a
1775 1478 1876 1516 Mose
1885 1479 2012 1521 relatis,
2023 1492 2176 1532 apparet,

1143 1535 1187 1571 ad
1211 1548 1325 1571 unum
1346 1547 1543 1571 commune
1569 1536 1609 1570 iis
1630 1534 1759 1586 quibus
1790 1534 1947 1586 loquitur
1963 1545 2178 1588 prototypum

1144 1601 1303 1627 creatum
1319 1585 1421 1626 fm'ffe
1437 1588 1628 1626 hominem
1645 1602 1654 1625 :
1685 1589 1771 1627 dicit
1786 1592 1884 1627 enim
1909 1589 1952 1627 ad
1978 1592 2177 1643 imaginem

1143 1645 1310 1682 nostram.
1340 1642 1415 1680 ubi
1423 1656 1563 1681 nomen
1573 1646 1739 1696 imaginis
1756 1643 2033 1682 manifestiffime
2051 1646 2177 1696 accipi-

1144 1711 1209 1739 tur,
1223 1713 1299 1735 non
1315 1712 1380 1749 pro
1391 1712 1437 1735 eo
1450 1699 1549 1751 quod
1566 1699 1611 1735 ad
1626 1699 1719 1736 aliud
1734 1697 1786 1739 fit,
1800 1698 1859 1736 sed
1875 1712 1939 1750 pro
1957 1713 2002 1736 eo
2020 1699 2063 1736 ad
2081 1698 2179 1751 quod

1145 1753 1275 1804 aliquid
1291 1751 1343 1789 fit.
1374 1754 1407 1788 Si
1426 1766 1514 1805 ergo
1533 1755 1592 1804 qui
1613 1765 1748 1790 creatur
1766 1753 1809 1790 ad
1828 1756 2029 1805 imaginem
2047 1756 2117 1791 Dei
2133 1753 2178 1790 ad

1141 1808 1342 1860 imaginem
1360 1808 1584 1859 Angelorum
1602 1820 1776 1845 crearetur
1794 1831 1802 1847 ‚
1831 1813 1863 1846 ὅ(
1881 1809 2097 1859 pronomine
2114 1807 2179 1844 illo

1143 1863 1302 1911 nostram,
1315 1875 1513 1899 commune
1530 1862 1711 1914 exemplar
1726 1862 1771 1899 ad
1789 1863 1886 1914 quod
1903 1860 2109 1900 efformatus
2127 1861 2177 1900 es-

1141 1915 1191 1953 set
1207 1915 1343 1956 homo,
1365 1918 1402 1952 in
1421 1918 1504 1953 Deo
1524 1921 1557 1954 &
1570 1917 1716 1970 Angelis
1732 1918 1962 1958 indicaretur3
1980 1929 2174 1969 oporteret,

1141 1984 1250 2008 unam
1264 1975 1297 2007 &
1310 1970 1463 2007 eandem
1477 1967 1546 2009 esse
1555 1973 1669 2009 Dei&
1681 1971 1905 2025 Angelorum
1916 1983 2178 2013 naturam‚cum

1142 2038 1265 2071 tamen
1282 2027 1319 2062 in
1330 2024 1511 2064 infinitum
1529 2026 1665 2063 diversae
1681 2027 1747 2064 fint
1758 2051 1767 2067 ‚
1781 2032 1814 2064 ὅ(
1829 2028 2058 2079 proprietates
2076 2038 2177 2064 natu-

1140 2094 1185 2119 rae
1201 2081 1351 2122 divinae,
1364 2081 1533 2134 angelicae
1545 2093 1676 2119 naturae
1693 2082 1964 2134 proprietatibus
1979 2083 2046 2119 fint
2058 2082 2177 2133 ‘oppo-

1141 2137 1221 2174 fitae.
1249 2138 1346 2173 Deus
1357 2135 1456 2174 enim
1466 2136 1516 2173 est
1524 2148 1673 2174 aeternus
1682 2160 1691 2176 ‚
1709 2135 1864 2176 infinitus
1874 2159 1882 2176 ‚
1895 2134 2174 2188 simplicissimus,

1143 2190 1377 2229 immutabilis
1388 2196 1454 2228 ἃς.
1467 2195 1516 2227 At
1524 2189 1611 2227 nihil
1629 2191 1698 2227 tale
1711 2191 1760 2228 est
1770 2192 1806 2228 in
1818 2191 1975 2244 Angelis.

1185 2245 1267 2284 Nec
1279 2244 1345 2282 alia
1355 2258 1442 2297 opus
1453 2245 1503 2285 est
1511 2246 1804 2297 interpretatione
1812 2245 1902 2283 illius
1912 2246 2006 2282 vocis
2015 2245 2175 2294 nostram,

1144 2314 1252 2353 quam
1271 2314 1313 2338 ea
1329 2313 1406 2352 quae
1424 2300 1530 2341 toties
1548 2301 1755 2352 repetitura
1767 2299 1880 2338 Mose.
1910 2300 2063 2338 Creavit
2080 2304 2178 2336 Deus

1144 2357 1318 2394 hominem
1326 2356 1376 2394 ad
1383 2356 1571 2404 imaginem
1583 2354 1628 2400 ὠ
1635 2354 1904 2406 similitudinem
1909 2353 2078 2404 suammd
2086 2356 2176 2391 ima-

1139 2415 1256 2462 ginem
1277 2413 1348 2448 Dei
1361 2413 1502 2448 creavit
1517 2410 1630 2449 illum.
1656 2415 1690 2448 ὃς
1709 2424 1782 2462 cap.
1800 2423 1826 2458 5.
1851 2410 1901 2448 ad
1910 2408 2180 2460 fimilitudinem

1143 2469 1214 2504 Dei
1216 2466 1305 2516 fecit
1317 2466 1429 2503 illum.
1460 2467 1511 2503 Ex
1523 2464 1654 2517 quibus*
1665 2477 1763 2518 patet
1773 2489 1782 2506 ‚
1793 2467 1915 2504 Deum
1927 2459 1997 2502 effe
2014 2463 2116 2501 illum
2135 2462 2179 2501 ad

1142 2524 1238 2570 cujus
1257 2523 1457 2575 imaginem
1469 2519 1585 2559 horno
1602 2522 1654 2559 est
1666 2533 1799 2560 creatus
1810 2544 1819 2561 ‚
1834 2525 1869 2558 &
1884 2519 2101 2572 pronomine
2118 2531 2177 2554 no·-

1135 2578 1258 2628 stram
1270 2579 1393 2614 Deum
1404 2575 1568 2628 intelligi,
1580 2575 1679 2629 quod
1689 2577 1714 2614 fi
1723 2574 1900 2628 pluraliter
1911 2573 2128 2625 intelligatur
2140 2582 2180 2610 ut
2237 2579 2240 2585 '

1143 2626 1378 2673 necessarium
1396 2632 1456 2671 est,
1467 2630 1581 2684 plures
1590 2646 1660 2670 una
1676 2630 1824 2684 persona
1836 2625 1908 2669 effe
1918 2627 2179 2679 evincitunqui-

1143 2687 1208 2726 bus
1218 2700 1287 2725 una
1302 2692 1335 2725 &
1346 2687 1474 2725 eadem
1490 2699 1612 2725 natura
1625 2688 1828 2729 communis
1846 2686 1905 2724 est.

1193 2741 1383 2789 Enjedinus
1401 2754 1484 2781 cum
1501 2743 1636 2780 videret
1647 2767 1657 2784 ,
1677 2743 1929 2794 exceptionem
1946 2737 2040 2776 suam
2053 2760 2062 2778 ‚
2081 2733 2177 2787 quod

1143 2801 1240 2835 Deus
1251 2795 1358 2848 possit
1366 2799 1477 2836 etiam
1487 2809 1572 2835 cum
1587 2799 1727 2836 ratione
1746 2794 1941 2835 carentibus
1956 2792 2176 2848 colloquium

1142 2853 1334 2893 instituere,
1350 2865 1389 2892 ut
1399 2851 1482 2892 Esai.
1494 2865 1519 2890 1.
1538 2852 1667 2892 Audite
1677 2851 1758 2891 coeh'
1768 2848 1971 2893 ‚ridiculam
1987 2841 2057 2883 effe
2067 2868 2076 2884 ›
2095 2854 2176 2893 qma

1142 2908 1338 2945 inanimata
1364 2921 1440 2946 non
1459 2903 1604 2960 poffunt
1630 2907 1766 2945 invitari
1790 2905 1835 2943 ad
1862 2900 2046 2941 creationis
2071 2907 2172 2956 opus,

1144 2962 1333 3014 praesertim
1351 2974 1389 3002 ut
1403 2976 1640 3002 communem
1658 2960 1816 2998 habeant
1839 2969 1921 2996 cum
1936 2957 2018 2990 Deo
2043 2954 2175 3000 Imagi-

1144 3030 1231 3055 nem
1248 3033 1258 3059 ;
1283 3019 1327 3056 Et
1337 3018 1481 3057 sentiret
1498 3021 1608 3057 etiam
1627 3014 1806 3054 infirmam
1821 3006 1891 3048 effe
1906 3005 2112 3059 Judaeorum
2128 3003 2174 3043 de

1145 3072 1290 3124 Angelis
1300 3075 1652 3125 interpretationem,
1672 3080 1779 3119 quam
1796 3075 1916 3123 tamen
1927 3085 1935 3100 ‚
1953 3074 2018 3112 pro
2036 3072 2082 3097 eo
2100 3072 2173 3120 quo

1145 3129 1264 3167 eratin
1274 3130 1461 3166 veritatem
1479 3126 1576 3168 odio,
1592 3117 1754 3162 voluiffet
1765 3117 1928 3156 obtinere
1944 3110 2063 3169 poffe:
2083 3113 2175 3150 redit

1681 3176 1711 3212 C
1740 3186 1762 3210 2
2026 3167 2173 3207 tandem
