2411 3348
259 105 336 148 712

255 166 349 203 suitae
366 156 586 199 Lovanienfis
594 153 804 208 speculatio,
825 165 964 194 nomen
982 162 1019 203 1³
1039 151 1102 192 ben
1119 153 1282 204 praeposi-

256 231 332 256 tum
349 226 501 252 numero
519 223 716 250 annorum,
750 207 936 247 ostendere
951 220 1064 246 annos
1086 220 1163 244 non
1182 203 1284 245 fuiffe

255 268 474 320 completos,
497 266 576 315 quia
586 263 649 303 ben
659 262 748 303 filius
758 287 767 305 ,
789 260 1253 316 fignificatinchoationem,
1263 259 1283 298 ὲ

253 328 324 364 m:
343 322 455 361 bana,
474 317 656 369 aedificare.
700 318 809 373 Qfi
831 316 914 357 vero
929 315 1119 356 aedificium
1137 315 1283 368 aliquod

252 389 326 414 non
344 374 450 428 poffit
469 370 541 413 effe
558 373 793 426 completum.
830 371 946 424 Qud,
967 385 1013 409 an
1023 373 1134 411 etiam
1143 372 1204 423 qu'i
1221 380 1279 409 2:1³

251 440 275 469 n
282 442 328 470 7⁸
337 429 411 480 filii
421 429 604 468 hominum
613 430 789 470 dicuntur,
801 425 880 466 sunt
889 425 1029 466 tantum
1038 425 1197 465 inchoati
1204 423 1265 462 filii
1269 447 1276 464 ›

250 496 323 520 non
338 483 532 536 completi.²
557 486 711 522 Pererius
719 484 845 523 maluit
861 494 1036 520 recurrere
1046 481 1090 520 ad
1106 480 1279 519 occultum

250 534 449 586 'instinfftum
467 540 683 591 interpretis,
713 537 772 576 sed
792 539 867 589 quis
886 550 953 575 nos
970 549 1085 575 certos
1104 533 1210 573 faciet
1233 534 1278 572 de

248 591 319 629 hoc
335 594 500 631 instinctu
518 594 683 632 occulto?
709 592 776 631 Sed
796 590 962 644 praetered
974 589 1153 629 notiffima
1171 591 1220 627 est
1241 590 1276 625 in

247 649 427 700 Scripturis
446 647 717 701 interpretandis
734 646 871 699 regula,
904 658 1017 683 annos
1043 656 1220 683 currentes
1239 645 1277 679 in

235 699 346 740 -sacris
362 705 539 740 numerari
556 701 666 740 solere
686 713 854 752 tanquam
875 699 1096 750 completos,
1118 700 1165 736 ita
1176 699 1276 736 utin-

249 767 380 809 tetpres
390 755 563 794 bonafide
574 770 647 793 non
662 757 816 807 potuerit
833 755 963 805 aliquid
975 753 1120 791 demere
1140 753 1184 789 de
1209 765 1276 789 nu—

247 822 353 849 mero
369 810 389 848 a
406 810 521 864 spiritu
539 813 607 847 Dei
624 811 818 861 designato.
844 809 965 845 Sentio
975 819 1096 844 tamen
1107 819 1190 843 cum
1204 807 1274 843 Eu-

248 866 406 917 gubino‚
429 865 634 902 credendum
653 877 720 899 non
729 861 784 912 effi’
793 888 804 905 ‚
826 862 920 899 hunc
936 861 1065 910 lapsum
1081 859 1135 910 effi
1152 863 1274 897 Hiero-

248 923 344 966 nymi
356 937 368 955 .·
386 921 485 957 nufla
502 917 677 968 enimfuit
686 917 802 965 causa,
825 929 890 953 cur
902 915 1198 955 hallucinantur,
1215 924 1273 964 po-

247 966 319 1011 tins
329 974 451 1010 codices
459 969 886 1021 temporisprogreffufuiffb
895 970 1112 1020 depravatos.
1137 969 1272 1006 Biblio-

248 1028 403 1066 thecario
430 1025 636 1078 Apostolico
659 1024 770 1063 fidem
796 1023 962 1062 adhibere
989 1023 1171 1061 debebant
1188 1024 1273 1060 novi
1305 1058 1307 1062 .

247 1083 460 1120 comestores
471 1082 642 1119 Romani,
662 1093 737 1117 non
748 1081 846 1116 euim
860 1078 1101 1116 authenticum
1114 1091 1271 1130 pronun-

247 1131 393 1174 ciassent
403 1134 624 1173 librariorum
636 1146 803 1172 errorem.

298 1192 347 1227 Ex
367 1190 611 1242 supputatione
629 1201 805 1226 annorum
816 1188 892 1225 vitae
908 1187 1030 1232 Isaaci,
1050 1186 1178 1224 collata
1187 1198 1271 1222 cum

774 82 795 128 1
827 95 860 123 ω
929 79 972 130 c
1005 65 1117 127 ist.
1181 80 1480 130 xxxvir.
1522 84 1600 130 ,G
1633 96 1656 130 a
1687 97 1723 129 u
1758 97 1782 130 ε
1819 97 1857 130 s.

1350 154 1529 196 studuerim
1540 156 1657 205 itaque
1665 155 1854 206 ingenium
1863 153 1996 207 puerile
2006 158 2039 194 ὃ(
2049 153 2195 206 simplex
2204 155 2269 196 hac
2285 169 2372 203 voca
2410 166 2411 182 ³

1326 241 1328 244 ,
1351 207 1546 261 significari.
1576 207 1725 247 Mallem
1738 209 1947 248 confideran'
1956 210 2263 261 comparationem
2281 207 2389 260 inteffi„

1351 275 1435 300 eum
1446 267 1478 298 &
1491 261 1610 304 fratres
1621 273 1704 298 cum
1715 263 1842 312 quibus
1848 263 2020 316 pascebat.
2047 265 2128 301 Erat
2137 277 2223 315 puer
2232 262 2379 313 intere-*1

1348 314 1413 354 lios
1424 313 1529 352 Billiae
1539 320 1572 353 ὅ(
1582 314 1742 366 zilpae,id
1753 316 1842 357 Cst'fi
1852 318 1936 356 cum
1947 320 1987 357 iis
1995 316 2197 357 conferatur
2206 311 2372 371 grandin}-

1347 371 1451 412 ribus,
1463 369 1575 408 adhuc
1584 374 1670 422 puer
1680 379 1764 406 erat·
1791 369 1874 408 Nec
1886 371 2016 424 dubito
2027 373 2097 412 hoc
2112 371 2227 413 ficere
2246 373 2290 412 ad
2301 377 2375 424 ejus

1346 424 1508 466 laudem,
1531 423 1630 476 quod
1639 424 1850 471 cumjunior
1859 420 1965 466 effer,
1987 440 2193 466 nontamen
2211 428 2323 466 {iverit
2338 421 2385 483 ses,

1347 481 1527 532 corrumpi
1537 477 1796 516 malo'aliorum
1805 479 1974 530 exemplo
1985 504 1994 519 ‚
2015 481 2091 518 imo
2102 496 2228 520 eorum
2246 486 2377 521 emen:

1347 536 1533 573 dationem
1551 533 1732 585 quaefierit,
1750 532 1812 570 etsi
1823 532 1866 570 ad
1875 545 1937 570 eos
1947 545 2166 584 comparatus
2174 550 2259 587 puer
2269 533 2381 583 esset-'s

1346 589 1533 626 Probabile
1544 600 1666 626 autem
1677 589 1735 628 est,
1740 588 1856 639 potius
1868 598 2052 639 parentem
2061 587 2161 626 illum
2170 590 2298 629 sociare
2309 604 2370 629 vo·
2394 634 2397 637 ,

1346 640 1444 681 luisse
1456 641 1533 680 filiis
1545 642 1762 681 ancillarum,
1774 653 1882 693 quam
1892 641 1978 683 aliis,
1990 641 2087 692 quod
2096 640 2298 682 existimarit
2308 659 2371 684 eo-
2383 644 2399 680 f·

1342 711 1423 735 rum
1431 697 1507 749 spiri
1512 710 1563 735 tus
1584 698 1699 734 minus
1718 694 1819 734 fuiffe
1835 695 1946 734 elatos
1955 722 1966 736 ,
1985 697 2116 748 alioqui
2133 689 2391 753 quemad1n03⁵

1343 753 1428 789 dum
1447 752 1691 789 aemulatioues
1707 749 1849 788 fuerunt
1865 752 1958 789 inter
1973 752 2083 788 Leam
2108 755 2142 789 ὃς
2160 745 2375 797 Racheleni,';

1342 806 1528 858 probabile
1536 807 1585 844 est
1597 804 1689 842 filios
1699 809 1777 843 Leae
1790 816 1915 857 utpote
1936 817 2038 843 aerate
2055 808 2207 856 majores
2218 830 2226 846 ,
2245 820 2382 858 parum,

1341 857 1502 898 detulisse
1520 859 1682 898 Rachelis
1702 858 1791 897 fihis.
1824 863 1920 898 Cum
1957 871 2079 897 autem
2110 859 2223 898 adhuc
2240 859 2388 906 viverets

1342 914 1440 952 Bilha
1451 914 1614 953 Rachelis
1622 914 1747 952 ancilla
1761 939 1769 955 ,
1789 914 1975 966 potuitilla
1993 916 2259 952 in-rnemoriam
2277 907 2396 964 heraefl*

1339 969 1423 1010 suae,
1445 969 1633 1020 specialem
1644 969 1841 1007 liberorum
1858 971 1930 1017 ejus
1946 981 2065 1007 curam
2084 968 2273 1021 suscipere3
2293 965 2393 1022 quaef}

1340 1024 1437 1062 causa
1452 1022 1520 1061 fuit
1529 1038 1591 1061 cur
1599 1023 1780 1071 adjunstus
1790 1021 1895 1061 fuerit
1905 1021 1983 1061 filiis
1997 1021 2101 1061 Bilhae
2111 1026 2191 1061 Dan
2201 1029 2235 1061 &
2244 1023 2369 1075 Nc'ph-
2378 1019 2393 1037 ⁴⁴

2377 1110 2411 1177 ’1

1336 1146 1389 1185 pae
1401 1132 1479 1170 Gad
1489 1137 1522 1169 &
1536 1131 1636 1170 Aser,
1655 1130 1787 1170 factum
1799 1133 1907 1169 etiam
1917 1130 2022 1170 fuerit
2032 1155 2041 1171 ,
2060 1144 2100 1170 ut
2117 1145 2200 1170 cum
2217 1140 2383 1183 quatuor*

1339 1079 1400 1117 tali
1417 1078 1588 1130 praecipue
1601 1093 1609 1119 ;
1627 1077 1684 1115 sed
1695 1082 1778 1129 quia
1786 1078 1887 1116 fimul
1898 1080 2007 1116 etiam
2016 1077 2203 1129 pascebant
2211 1075 2274 1115 filii
2292 1074 2375 1125 Zil-,⁴

1332 1190 1398 1227 illis
1406 1187 1622 1240 pastoritiam
1631 1182 1745 1225 artem
1754 1184 1957 1231 addisceret,
1970 1199 2124 1238 quorum
2133 1188 2216 1224 vitia
2224 1200 2307 1224 cum
2316 1191 2366 1225 vi-

245 1244 378 1296 supput.
395 1257 574 1282 annorum
584 1243 796 1296 vitaeJacobi
812 1240 918 1284 infra,
943 1246 976 1279 ὃ(
996 1254 1160 1293 tempore
1180 1242 1270 1277 nati·
1299 1255 1305 1295 3

243 1409 356 1460 plures
366 1407 477 1445 adhuc
488 1420 599 1445 annos
610 1401 752 1448 vixxffie5
773 1405 917 1457 quidam
930 1405 1053 1442 volunt
1063 1403 1266 1442 duodecim,
1300 1392 1303 1439 i
1325 1404 1422 1455 simo.
1445 1417 1514 1441 Lxx
1531 1402 1704 1450 ›tq-&defici
1724 1401 1825 1456 ψόῃρν
1840 1402 2020 1455 πονηξὸνῄἀ
2035 1403 2094 1444 est,
2104 1403 2288 1440 detuliteos
2296 1407 2364 1441 cri-

1335 1244 1444 1283 deret‚
1458 1255 1532 1278 non
1542 1241 1656 1278 solum
1665 1254 1741 1278 non
1752 1243 1908 1278 imitatus
1918 1240 2040 1280 est’sed
2048 1241 2167 1279 retulit
2174 1242 2218 1278 ad
2227 1253 2366 1294 patrem
2393 1256 2402 1260 ·

246 1301 357 1336 vitatis
374 1298 538 1351 Josephi,
557 1298 783 1336 consentiunt
803 1295 1092 1335 omnesIsaacum
1111 1289 1268 1333 debuisse
1300 1301 1303 1348 ξ
1331 1308 1429 1337 tiz-1:17
1449 1309 1499 1336 ns
1524 1295 1581 1332 eth
1601 1293 1827 1334 dibbatham,
1853 1292 2038 1331 infamiam
2068 1308 2196 1332 eorum
2219 1296 2364 1336 malam.
2386 1343 2389 1346 Δ

231 1353 357 1392 ‘adhuc
374 1356 411 1390 in
432 1356 513 1390 vivis
531 1347 621 1393 effe,
634 1351 729 1390 ‘cum
745 1350 904 1389 venditus
921 1349 987 1389 fuit
1008 1348 1138 1402 Joseph
1155 1373 1163 1389 ‚
1193 1350 1269 1386 imo
1300 1350 1304 1389 Ξ
1335 1350 1490 1404 Vulgata
1503 1348 1620 1389 habet,
1643 1349 1831 1397 accusavit
1841 1361 1889 1384 eos
1897 1348 2130 1398 apudpatrem
2141 1351 2287 1386 crimine
2290 1350 2376 1400 pes-³
2392 1388 2398 1392 .

243 1462 301 1499 alii
317 1462 496 1500 undecim.
530 1460 649 1498 Sethus
668 1460 834 1499 Calvifius
859 1460 1104 1497 venditionem
1125 1456 1268 1511 Josephi

243 1515 350 1555 refert
367 1517 412 1553 ad
427 1528 560 1553 annum
579 1514 704 1554 mundi
723 1528 822 1559 2217·
849 1526 1007 1551 mortem
1023 1525 1146 1550 autem
1166 1511 1268 1549 isaaci

243 1570 288 1608 ad
308 1584 442 1608 annum
460 1575 563 1608 2228.
587 1582 682 1606 anno
701 1568 830 1622 Jacobi
853 1581 929 1608 120.
946 1567 1088 1621 Josephi
1113 1580 1170 1608 29.
1197 1569 1269 1604 Res

243 1638 305 1676 per
315 1624 347 1662 se
366 1626 414 1662 est
426 1624 576 1662 evidens.
602 1626 652 1661 Ex
673 1636 741 1674 qua
750 1623 886 1676 cqstat
902 1636 984 1661 ante
997 1633 1154 1659 mortem
1167 1620 1268 1658 Isaac-i

242 1679 428 1716 venditum
451 1674 553 1716 fuisse
569 1677 783 1731 Josephum;
811 1677 894 1714 cum
913 1690 1033 1714 tamen
1053 1676 1144 1713 hanc
1161 1675 1267 1713 histo-

240 1735 330 1769 riam
349 1731 465 1770 Moses
485 1732 562 1783 post
578 1731 720 1770 obitum
735 1731 837 1768 Isiaci
854 1737 887 1769 &
899 1731 1110 1782 sepulturam
1127 1732 1265 1770 recitet,

241 1799 280 1824 ut
289 1783 482 1824 necessario
491 1785 722 1827 concedenda
737 1786 778 1823 fit
792 1785 1032 1838 hysterologia
1044 1809 1052 1825 ‚
1074 1785 1168 1831 cujus
1177 1786 1268 1822 ratio

237 1841 311 1890 haec
322 1839 389 1885 fuit
398 1866 410 1883 ,
433 1841 516 1892 quia
526 1839 609 1877 cum
618 1840 695 1892 post
705 1840 894 1877 adventum
903 1839 1031 1892 Jacobi
1042 1840 1078 1875 in
1100 1838 1265 1878 Hebron,

239 1894 326 1932 nihil
335 1895 483 1947 amplius
493 1893 598 1932 vellet
618 1894 662 1951 de
680 1895 748 1932 vita
759 1893 862 1932 Isaaci
874 1908 1010 1932 narrare
1022 1893 1138 1931 Moses
1149 1917 1158 1934 ,
1178 1898 1212 1931 ὃς
1223 1894 1266 1930 ad

239 1963 281 1987 ea
290 1963 366 2001 quae
375 1948 518 2002 Jacobo
528 1948 729 1986 Patriarchae
741 1948 897 1986 notanda
907 1949 1106 1987 acciderant
1118 1959 1264 2000 pergere

238 2000 477 2044 deliberasset,
503 2002 683 2040 historiam
694 2003 796 2041 Isaaci
814 2005 1085 2056 operaepretium
1102 2002 1266 2051 judicavit

237 2059 453 2097 concludere
472 2071 534 2110 per
551 2069 710 2096 mortem
728 2058 827 2110 ipfius
837 2073 848 2098 3
879 2062 913 2095 &
930 2071 977 2096 ne
995 2057 1158 2108 deinceps
1181 2070 1264 2094 eum

237 2112 303 2150 alia
312 2124 593 2152 remorarentur,
613 2123 673 2150 aut
683 2114 983 2164 interrumperent
1002 2115 1193 2149 intertexta
1214 2110 1264 2148 se-

237 2170 327 2205 riem
337 2173 370 2204 &
380 2168 593 2205 continuum
602 2165 702 2204 filum
712 2166 861 2204 historiae
869 2166 999 2219 Jacobi
1009 2193 1019 2206 ,
1040 2166 1169 2213 adjecit
1177 2178 1262 2216 prae-

235 2220 366 2258 cedens
384 2233 488 2272 caput
504 2220 548 2258 de
565 2223 606 2257 iis
623 2234 699 2272 quae
725 2219 872 2258 Esauum
891 2219 1102 2272 spectabant.
1140 2217 1262 2256 Postea

236 2270 411 2312 assumens
420 2274 598 2311 historiam
606 2274 746 2328 Jacobi,
769 2277 850 2326 quia
860 2274 1017 2312 venditio
1028 2273 1172 2327 Josephi
1181 2273 1261 2311 reli-

174 2342 181 2347 *
236 2331 314 2380 quis
332 2327 554 2379 sequentibus
574 2329 691 2368 lucem
703 2328 853 2381 praefert,
874 2342 955 2366 eam
982 2331 1086 2366 initio
1105 2322 1260 2380 p'raemit-

236 2395 310 2420 tere
326 2382 446 2419 voluit.
486 2385 577 2435 Q
595 2385 726 2436 agendi
745 2385 836 2422 ratio
858 2382 1125 2436 prudentiffima
1142 2380 1208 2420 fuit
1228 2386 1261 2420 δε

234 2435 416 2489 aptissima.
1107 2440 1112 2447 ·

289 2495 384 2530 Cum
395 2486 604 2542 defignaffet
615 2502 758 2529 aetatem
767 2491 921 2544 Josephi,
934 2493 1143 2544 quaefierunt
1153 2492 1260 2527 inter-

232 2557 424 2598 pretemur
437 2543 654 2582 verfieodem
664 2546 848 2586 addiderit,
863 2555 935 2592 ny:
946 2556 1025 2585 uun
1047 2546 1146 2583 vehu
1156 2556 1257 2584 naar,

233 2598 349 2652 &ipse
362 2612 468 2650 puer,
489 2597 564 2635 satis
581 2599 679 2636 enim
696 2601 818 2652 potuit
836 2597 958 2650 colligi
974 2611 1018 2634 ex
1036 2610 1138 2636 aetate
1156 2598 1260 2634 status

232 2656 316 2701 ejus.
348 2658 444 2693 Cum
453 2654 493 2690 iis
503 2651 616 2690 sentio
626 2654 769 2703 quinon
778 2651 945 2704 superflue
967 2651 1040 2688 haec
1056 2652 1174 2689 addita
1192 2664 1259 2688 no-

233 2720 329 2749 tant,
357 2707 420 2746 ubi
438 2720 560 2746 tamen
580 2705 834 2744 advertendum
851 2706 900 2743 est
917 2717 1043 2742 vocem
1071 2715 1141 2755 '19³
1169 2717 1260 2742 naar

232 2765 342 2801 etiam
351 2762 495 2800 extendi
505 2760 548 2799 ad
557 2760 843 2798 adolescentiam.
872 2759 1010 2797 Volunt
1018 2758 1088 2796 hoc
1097 2758 1180 2796 ideo
1191 2772 1258 2796 no-

230 2818 442 2869 tatum,quia
450 2814 674 2869 Josephante
688 2828 798 2852 annos
808 2811 910 2866 gessit
927 2816 1089 2851 animum
1106 2812 1254 2854 virilem,

229 2886 313 2910 cum
323 2871 435 2910 adhuc
445 2865 533 2909 esset
546 2883 633 2922 puer
651 2883 659 2906 ε
678 2870 748 2908 Alii
764 2869 887 2907 volunt
905 2869 1108 2917 adjunctum
1125 2869 1169 2905 ad
1185 2881 1254 2905 no-

231 2927 375 2964 tandam
385 2929 457 2974 ejus
466 2924 726 2976 simplicitatem
735 2923 971 2976 puerilemme
983 2925 1058 2974 quis
1066 2933 1203 2975 putaret
1212 2935 1253 2960 ea

230 2994 307 3032 quae
316 2980 435 3033 postea
446 2981 645 3020 recitantur,
660 2978 706 3016 ab
715 2991 761 3018 eo
771 2976 861 3017 facta
878 2973 978 3016 fuiffe
997 2989 1069 3015 arte
1081 2977 1196 3030 aliqua
1215 2981 1249 3014 &

228 3036 351 3073 animo
360 3035 470 3075 malo,
482 3033 540 3071 sed
547 3032 671 3085 puerili
679 3032 899 3085 fimplicitate
909 3037 942 3070 &
953 3031 1106 3070 candore
1121 3059 1130 3073 ,
1149 3035 1198 3070 ita
1209 3044 1248 3070 ut

224 3103 301 3131 non
310 3089 438 3131 caverit
446 3087 593 3129 fratrum
603 3086 850 3133 offenfionem‚
871 3101 938 3129 nec
948 3084 1100 3127 offensos
1107 3086 1247 3140 placare

1333 1462 1428 1497 mine
1437 1459 1537 1496 malo.
1568 1459 1622 1494 Sic
1632 1459 1730 1494 enim
1741 1456 1866 1510 legunt
1876 1456 1988 1494 editio
2002 1457 2276 1510 Complutenfis,
2287 1460 2363 1496 Re·
2378 1491 2382 1495 .
2394 1470 2399 1497 ζ

1333 1516 1409 1566 gia,
1427 1517 1461 1550 ὅ(
1481 1511 1688 1551 Basilienfis:
1709 1513 1879 1549 Romana
1888 1523 2029 1552 autem»
2064 1518 2098 1550 δε
2117 1511 2242 1550 Aldina
2259 1512 2362 1564 plane
2378 1530 2391 1550 υ

1333 1569 1513 1606 contrario
1524 1564 1619 1604 sensu
1638 1564 1824 1612 ›we-iussam
1840 1566 2076 1619 legunt,quafi
2087 1565 2207 1604 fratres
2223 1567 2361 1605 detuliss

1333 1622 1407 1660 sent
1417 1623 1565 1659 crimine
1584 1618 1732 1672 peffimo
1740 1619 1936 1673 Josephum
1951 1621 2043 1672 apud
2067 1632 2214 1673 patrem.
2239 1624 2361 1676 Qim

1333 1677 1528 1714 lea-ionem
1538 1678 1758 1713 retinuerunt
1773 1687 1912 1712 autores
1930 1676 2162 1712 transsationis
2179 1675 2294 1714 latinae
2315 1689 2359 1714 ex
2377 1677 2402 1693 ‘¹'

1334 1735 1462 1769 Graeco
1473 1733 1771 1781 Romanmqimm
1780 1742 1912 1767 novam
1922 1743 1996 1767 non
2006 1726 2228 1770 effe‚cronstat
2236 1744 2279 1768 ex
2287 1733 2361 1783 Cy·
2378 1736 2388 1742 ’
2398 1762 2408 1769 ,,

1333 1783 1966 1836 rino,Chrysost01n0‚Theod0reco,
1987 1784 2120 1822 Isidoro
2134 1785 2362 1826 Pelufiota,&
2388 1784 2398 1812 “-

1949 1841 2041 1891 Qae
2054 1850 2175 1877 tamen
2187 1838 2361 1881 fivearxx
2395 1856 2398 1859 ¹

1333 1840 1404 1877 aliis
1416 1841 1534 1886 Grecis
1543 1840 1601 1890 qui
1612 1851 1691 1876 eam
1706 1840 1935 1886 retinuerunt.

1331 1895 1373 1932 iit
1385 1918 1393 1933 ,
1413 1894 1480 1931 five
1491 1896 1525 1930 in
1537 1906 1617 1931 eam
1629 1892 1799 1944 irrepserit
1809 1893 1948 1932 aliunde
1958 1918 1967 1933 ,
1986 1907 2062 1931 non
2071 1895 2187 1946 potest
2205 1893 2365 1946 probari,
2401 1932 2403 1934 ,

1332 1962 1415 1987 cum
1426 1954 1459 1986 ὃς
1467 1947 1606 1986 Ebraeus
1617 1953 1783 1990 textus,&
1792 1961 1844 1985 res
1855 1949 1922 2001 ipsa
1932 1960 2117 2000 repugnett
2130 1947 2355 1991 Theodotio,
2383 1961 2399 1995 j

1331 2001 1687 2054 etiam,Symmachus
1697 2007 1731 2040 ὃ(
1742 1991 1865 2053 Aquila
1875 2015 1992 2040 veram
2001 2002 2194 2039 lectionem
2204 2004 2358 2041 retinue-

1331 2069 1412 2095 runt
1421 2060 1455 2094 in
1467 2070 1619 2094 numero
1628 2056 1789 2108 singulari
1802 2071 1813 2097 3
1832 2057 1877 2094 fic
1888 2058 1995 2095 etiam
2007 2054 2279 2107 Paraph.Chald.

1386 2113 1583 2165 Qaerituxu
1611 2108 1801 2163 quaefuerit
1826 2120 1895 2150 ΜΠ
1921 2108 2071 2150 dibbah,
2093 2112 2188 2157 cujus
2207 2112 2358 2150 nomine
2392 2125 2407 2151 L

1330 2165 1452 2202 fratres
1462 2165 1586 2202 detulit
1596 2165 1686 2216 apud
1696 2173 1902 2216 parentem?
1919 2164 2116 2202 Occafione
2128 2163 2275 2218 vulgatae
2285 2162 2357 2203 ver-

1330 2220 1454 2261 sionis,
1481 2232 1556 2270 qua:
1571 2217 1747 2269 peffimum
1769 2221 1898 2255 crimen
1919 2220 2042 2259 vertit,
2068 2218 2187 2257 multis
2205 2222 2301 2257 venit
2317 2221 2407 2259 inm

1331 2285 1494 2312 mentem
1513 2272 1616 2312 fuiss‘e
1633 2273 1738 2312 scelus
1750 2273 1892 2324 aliquod
1903 2271 2097 2311 nefandum
2108 2297 2118 2314 ,
2133 2274 2171 2311 8<
2182 2273 2277 2326 quod
2286 2273 2354 2311 ho·
2386 2268 2408 2333 ’ἦ

1329 2327 1424 2366 ueste
1435 2330 1614 2366 nominari
1624 2341 1698 2364 non
1707 2324 1835 2381 postet,
1858 2328 1950 2365 velut
1960 2327 2066 2365 scelus
2076 2328 2351 2370 Sodomiticum,

1329 2394 1390 2421 aut
1401 2382 1483 2434 quid
1493 2383 1571 2420 tale.
1599 2388 1680 2421 Vox
1697 2394 1768 2423 ππ
1786 2380 1910 2422 dibba,
1929 2382 2067 2433 proprie
2077 2380 2367 2434 fignificatmur-'
2396 2385 2400 2394 ''

1329 2450 1424 2479 mur,
1444 2435 1592 2476 famam,
1611 2436 1836 2475 sermonem,
1857 2437 1910 2472 vel
1926 2448 2122 2473 rumorem.
2155 2437 2271 2474 Potest
2289 2451 2351 2476 au-

1328 2503 1405 2529 tem
1414 2490 1565 2542 intelligi
1578 2490 1631 2527 vel
1642 2489 1762 2532 affixe,
1775 2488 1828 2526 vel
1838 2487 1963 2540 passive
1973 2503 2147 2530 murmur,
2150 2489 2273 2539 firmo,
2284 2497 2351 2530 &c.

1328 2557 1473 2584 eorum,
1492 2544 1618 2594 velpro
1635 2542 1853 2580 sermonibus
1865 2543 2220 2582 &rumoribusmalis
2234 2570 2242 2586 ‚
2262 2560 2350 2598 quos
2384 2538 2401 2586 ἶ·

1327 2598 1371 2636 de
1383 2599 1455 2635 aliis
1467 2593 1740 2634 disseminabant
1749 2622 1760 2639 ‚
1782 2596 1836 2634 vel
1849 2611 1912 2649 pro
1923 2596 2019 2635 fama
2028 2612 2156 2636 eorum
2169 2600 2297 2638 sinistra
2314 2606 2349 2640 &
2391 2623 2407 2630 ..

1324 2650 1470 2691 infami,
1493 2664 1560 2702 qua
1571 2651 1760 2703 apud-alios
1776 2652 1869 2689 male*
1889 2652 2089 2691 audiebant.
2114 2654 2229 2692 Primfi
2247 2668 2346 2694 acce·
2399 2661 2406 2667 “

1322 2707 1447 2758 ptione
1466 2704 1575 2744 sensus
1593 2707 1677 2746 erit,
1694 2705 1888 2758 Joseplrum
1910 2703 2087 2745 nunciasse
2105 2709 2206 2761 patri,
2226 2707 2358 2748 fratres

1322 2760 1401 2798 suos
1420 2759 1531 2797 multa
1547 2760 1641 2797 mala
1655 2760 1781 2801 verba,
1800 2773 1859 2799 aut
1878 2760 2055 2800 sermones
2073 2763 2126 2799 vel
2139 2763 2342 2805 maledicos,

1322 2814 1376 2852 vel
1386 2813 1590 2852 inhonestos
1601 2813 1755 2866 proferre
1767 2840 1775 2856 ‚
1794 2814 1886 2853 forte
1897 2815 1940 2853 de
1953 2816 2026 2868 ipso
2039 2829 2183 2867 parente
2194 2842 2203 2858 ,
2223 2830 2283 2856 aut
2299 2817 2351 2857 de'

1321 2867 1465 2906 familia.
1489 2871 1609 2907 Potuit
1619 2871 1728 2907 etiam
1739 2869 1834 2910 fieri,
1855 2882 1894 2908 ut
1903 2873 1977 2918 jam
1989 2882 2064 2908 tum
2077 2873 2268 2923 iniquiores
2277 2875 2344 2924 Jo-

1321 2922 1447 2974 sepho,
1469 2937 1578 2975 quem
1589 2923 1783 2962 videbanta
1801 2923 1898 2976 patre
1910 2923 2027 2976 diligi,
2050 2939 2134 2963 eum
2149 2939 2340 2964 contume-
2381 2953 2401 2963 ·-

1319 2977 1372 3014 liis
1388 2980 1544 3019 vexarint
1554 2983 1587 3016 ὃ(
1599 2979 1695 3017 ἀίξὶίε
1710 2980 1952 3021 mordacibus,
1973 2981 2016 3018 de
2035 2979 2159 3032 quibus
2169 2981 2258 3032 apud
2276 2994 2339 3032 pa-

1318 3044 1412 3069 trem
1423 3034 1630 3085 conquestus
1640 3031 1755 3072 fuerit.
1773 3037 1816 3072 ,Si
1825 3033 1951 3086 passive
1959 3034 2208 3087 intelligamus,
2229 3033 2338 3073 sensus

1318 3087 1403 3131 erit,
1428 3086 1635 3142 Josephum,
1657 3086 1741 3129 curn'
1750 3087 1871 3129 fratres
1882 3089 2052 3131 visitaret,
2070 3100 2130 3129 aut
2139 3102 2220 3128 cum
2216 3090 2270 3180 siis
2278 3101 2338 3139 pa·

2232 3153 2334 3183 cerer,

1486 3218 1500 3235 A,
