2411 3348
659 76 1339 122 Exr'nerra'rro

32 145 36 147 λ
47 151 150 200 fixisse
155 153 364 192 moriturum
372 151 434 189 nili
442 144 627 202 peccasset,
638 142 715 187 non
724 149 865 188 tantum
872 146 1070 203 significant

45 210 132 263 quid
148 221 223 247 non
229 202 507 246 fiiiss‘etfiitumm
517 227 526 244 ,
539 202 783 241 verumetiam
793 228 803 245 ‚
813 204 898 256 quid
905 207 1003 252 juxta
1012 217 1068 241 or-

47 266 129 302 dine
137 257 248 301 rerum
257 261 366 309 fi'Deo
374 257 482 297 setnel
490 259 687 296 institutum
698 270 882 310 oporteret
889 253 965 296 non
973 255 1048 295 fieri
1058 272 1067 294 z

40 320 187 369 >nempe,
198 325 237 353 ut
243 313 356 351 homo
365 315 537 350 innocens
546 324 755 351 moreretur.
780 313 869 351 Illud
881 314 980 350 enim
989 326 1067 364 pru-

48 373 170 410 denter
183 366 501 406 animadverterunt
511 382 519 407 ς
538 369 744 406 Hominem
753 366 773 404 a
782 369 865 406 Deo
883 380 957 404 non
965 363 1067 404 finsse

0 446 1 460 ³
45 424 226 464 conditum
242 434 280 458 ut
297 433 492 459 creaturam
508 420 607 468 inere
626 421 785 461 servilem
800 421 1084 463 ‚ficutinstituta-

43 479 93 517 est
101 477 282 515 brutorum
291 487 413 514 natura
424 500 434 516 ‚
445 488 522 528 quae
531 474 687 528 proinde*
697 477 901 514 naturaliter
911 481 945 514 &
958 478 1068 514 morti

42 531 118 570 sunt
124 529 294 571 obnoxia,
305 536 338 568 ὅ(
345 543 412 583 pro
422 529 610 568 hominurn
623 531 774 569 utilitate
785 531 900 569 occidi
907 525 1062 582 possunt,

39 585 114 624 imo
131 589 167 623 δι
187 584 339 622 alia-aljis
355 597 417 637 per
430 596 597 635 mortem·
605 588 644 622 in
663 584 762 623 usum
780 587 989 623 nutrimenti
1008 599 1066 624 ce-

39 640 136 679 dunt.
152 638 226 680 *Sed
233 641 330 677 Deus
339 637 423 677 fecit
430 638 621 693 honune'rn
626 639 671 677 ad
679 640 833 677 modurn
842 639 1065 692 Angelorum

38 690 159 741 natura
166 691 224 731 sua
231 691 395 732 liberum,
409 698 443 730 &
451 691 723 733 aliarum'rerum
732 697 946 737 Dominum,
958 706 1063 746 atque

36 747 173 800 insuper
184 748 296 785 indita
309 748 369 799 ipfi
384 748 509 796 justitia
525 747 589 785 fibi
607 750 734 786 creavit
751 751 918 786 amicum.
957 749 1064 786 Unde

36 803 187 855 intelligi
195 802 368 854 potest,fic
377 801 565 839 conditum
574 798 673 840 fnisse
682 803 883 843 hominem,
894 815 933 841 ut
941 817 1064 854 quam-

35 856 96 894 diu
107 859 145 894 in
155 858 309 908 amicitia
321 857 389 892 Dei
408 869 633 906 permaneret
645 882 654 897 ‚
672 856 760 894 nihil
772 856 950 895 adversum
962 860 994 895 ei
1005 871 1063 895 ac-

33 909 385 962 cideret‚semperque
394 913 624 962 jungerentur
630 911 703 949 haec
713 911 784 949 duo
791 924 964 962 tanquam
971 925 1065 949 nexu

34 960 264 1003 indissolubili
280 977 441 1002 connexa
451 988 460 1004 ‚
481 964 620 1002 bonum
639 962 711 1002 esse
724 989 733 1005 ‚
754 971 788 1003 ὅ(
806 965 952 1002 beatum
970 961 1042 1003 effe
1054 982 1062 1006 ς

32 1031 218 1072 expertem
232 1020 367 1072 peccati
380 1042 389 1057 ,
404 1023 437 1056 &
454 1017 608 1055 misenae.
635 1021 758 1072 Qm
773 1019 895 1072 legem
916 1020 1060 1071 August.

33 1076 83 1111 ita
89 1086 295 1126 perpetuam
307 1070 378 1110 effe
391 1072 474 1112 vult,
486 1084 525 1109 ut
535 1085 576 1110 ea
583 1072 724 1112 sublata,
737 1073 828 1109 ordo
839 1072 986 1109 univerfi
998 1072 1060 1109 de-

32 1125 215 1166 formetur.
225 1127 286 1165 lib.
298 1140 323 1164 1.
336 1126 379 1164 de
388 1126 448 1164 lib.
457 1126 601 1164 arbitrio
613 1139 687 1178 cap,
698 1137 727 1164 6.
739 1131 772 1164 &
784 1125 845 1164 lib.
854 1140 880 1172 3.
892 1140 966 1178 cap.
976 1139 1011 1168 9.

62 1206 67 1208 >
87 1181 198 1236 Qd
215 1195 336 1220 tamen
353 1195 430 1218 non
440 1182 488 1219 est
497 1181 771 1234 intelligendum
783 1193 953 1232 tanquam
961 1180 1062 1217 abso-

32 1233 105 1286 {ute
114 1235 326 1289 impossibile
336 1260 346 1276 ‚
363 1235 422 1273 sed
431 1238 527 1284 juxta
537 1235 702 1273 ordinem
713 1236 733 1273 a
742 1235 825 1273 Deo
841 1234 951 1273 semel
966 1237 977 1271 i
981 1235 1061 1272 nsti-

1417 76 1562 120 XIX.
2092 89 2168 121 101

1129 149 1220 189 ralis,
1236 147 1273 186 id
1282 149 1332 188 est
1339 148 1401 201 ipfi
1410 160 1542 186 naturae
1550 146 1710 188 indita‚&
1719 144 1921 184 naturaliter
1926 147 2167 198 propaganda»

1129 216 1235 256 atque
1252 202 1342 241 adeo
1356 215 1487 241 naturae
1500 201 1664 240 humanae
1680 215 1725 240 ex
1740 203 1855 254 prima
1861 202 1933 238 Dei
1947 201 2167 240 institutione

1131 257 1251 296 debita
1261 282 1270 298 ‚
1290 258 1352 295 etii
1367 260 1465 295 Deus
1483 255 1640 295 absolute
1649 255 1833 309 loquendo
1847 256 1946 294 aliter
1954 255 2167 294 constituere

1129 314 1297 364 potuerit,
1312 312 1382 350 hoc
1391 312 1507 350 modo
1515 311 1718 363 probamus.

1184 380 1208 405 1.
1245 369 1295 404 Ex
1311 380 1357 403 eo
1375 366 1474 418 quod
1493 365 1598 403 antea
1613 367 1791 418 Justitiam
1803 363 2015 418 originalem
2031 365 2164 403 eodem

1129 422 1245 459 modo
1264 421 1462 459 naturalem
1479 416 1552 457 esse
1567 420 1802 472 probavimus.
1830 420 1964 472 Neque
1982 422 2082 457 enim
2098 433 2163 457 ne-

1130 487 1218 528 gant
1229 474 1407 513 adversarii
1425 475 1578 513 eandem
1598 469 1668 512 effe
1687 475 1821 523 justitia:
1839 474 2165 512 &immortalitatis

1128 532 1166 567 in
1177 544 1218 567 ea
1230 544 1268 567 re
1276 532 1476 571 rationem.>
1489 528 1571 567 Nec
1587 526 1663 566 fieri
1679 529 1795 581 potest
1812 540 1850 566 ut
1866 529 1945 578 ‹pelo-1
1960 527 2092 567 sanstus
2107 529 2160 568 fit,

1128 585 1209 634 <plns
1221 584 1380 622 mortalis
1397 600 1406 626 ς
1427 587 1508 636 quia
1530 584 1545 631 (
1554 596 1593 622 ut
1611 582 1831 633 videbimus)
1854 595 1951 619 mors
1968 583 2017 620 est
2033 584 2160 635 stipen-

1129 638 1228 678 dium
1238 641 1386 690 peccati.

1180 708 1212 731 2..
1237 695 1290 732 Ex
1298 692 1568 731 immortalitate
1581 693 1729 731 naturali
1739 693 1866 730 animae
1873 690 2063 731 rationalis,
2076 702 2162 730 nam

1128 748 1225 799 quod
1242 750 1372 786 animae
1387 748 1431 785 ad
1448 748 1758 785 immortalitatem
1775 746 1927 784 conditae
1937 741 2162 784 essentialiter

1125 801 1192 840 fuit
1205 805 1356 843 unitum,
1367 802 1454 840 illud
1466 804 1587 854 utique
1598 801 1802 840 immortale
1812 799 1888 838 fuit.
1917 799 2007 837 Tale
2018 798 2085 838 fuit
2094 800 2163 837 ho-

1126 859 1232 895 minis
1241 871 1383 909 corpus3
1404 870 1493 910 ergo
1501 857 1708 895 immortale
1722 871 1765 894 ex
1776 858 1891 908 prima
1903 855 2134 892 institutione.
2194 855 2195 860 ’

1176 924 1203 960 3.
1234 912 1405 949 Firfflatur
1420 910 1490 948 hoc
1507 923 1761 965 argumentum
1779 910 1849 947 alio
1861 909 1967 947 dusto
1976 909 2022 946 ab
2031 912 2160 947 animae

1125 965 1303 1002 rationalis
1312 968 1480 1018 appetitu,
1491 966 1591 1005 Nam
1599 966 1660 1012 illa
1667 965 1804 1021 semper
1812 965 1946 1016 appetit
1955 960 2025 1001 esse
2033 966 2072 1001 in
2080 977 2160 1016 cor-

1124 1032 1211 1070 pore
1225 1034 1233 1059 3
1252 1020 1345 1056 unde
1354 1019 1506 1076 sequitur
1514 1034 1597 1058 cum
1609 1019 1678 1057 hoc
1690 1021 1730 1058 fit
1739 1020 1799 1071 ipfi
1811 1018 2157 1059 naturalffifflturali-

1125 1084 1178 1109 ter
1186 1085 1268 1109 eam
1276 1071 1428 1122 potuisse
1442 1072 1553 1110 finem
1565 1074 1665 1110 illum
1684 1073 1850 1124 consequi
1860 1097 1869 1113 ‚
1881 1087 1920 1110 ac
1928 1072 2078 1125 proinde
2090 1072 2157 1110 ho-

1121 1127 1212 1162 mini
1225 1126 1429 1163 naturaliter
1446 1122 1689 1178 competiviffe
1708 1127 2029 1166 immortalitatem,
2046 1129 2156 1164 etiam

1122 1179 1315 1218 secundum
1325 1193 1461 1232 corpus.

1171 1249 1205 1282 4.
1237 1233 1293 1272 Ab
1303 1233 1461 1272 absurdo.
1484 1234 1584 1273 Nam
1593 1232 1791 1286 sequeretur
1799 1233 1957 1285 alioquin
1965 1233 2157 1272 hominem

34 1301 161 1329 tutum.
187 1290 286 1329 Nam
299 1291 325 1328 fi
340 1290 384 1328 de
404 1290 561 1328 absoluta
579 1292 650 1328 Dei
665 1293 827 1342 potentia
836 1289 1059 1341 loquendum
1087 1287 1092 1346 J
1119 1290 1157 1325 in
1169 1290 1288 1340 primo
1304 1289 1393 1326 statu
1407 1285 1509 1326 fuisse
1519 1289 1640 1326 natura
1649 1288 1852 1326 mortalem.
1885 1289 1980 1342 Qa
1989 1288 2156 1340 quicquid

32 1345 91 1385 fit,
102 1357 213 1382 nemo
222 1345 358 1383 dubitat
368 1347 451 1397 quin
461 1347 510 1382 ita
519 1347 674 1397 potuerit
682 1347 779 1383 Deus
790 1344 985 1383 humanam
995 1357 1058 1380 na·
1086 1351 1091 1409 ἰ
1118 1343 1164 1379 de
1180 1355 1278 1395 parte
1295 1344 1440 1383 dicitur,
1459 1343 1664 1395 praedicatur
1674 1345 1784 1380 etiam
1800 1341 1844 1379 de
1861 1354 1954 1380 toto.
1989 1345 2110 1396 Qare
2128 1343 2154 1380 fi

35 1409 149 1437 turam
164 1397 290 1451 absque
300 1398 369 1436 ulla
379 1401 450 1448 ejus
462 1401 586 1447 injuria
595 1412 764 1452 tanquam
774 1401 882 1438 totius
894 1411 1057 1436 creaturae

30 1455 208 1491 Dominus
222 1455 400 1492 instituere
409 1477 418 1495 ‚
435 1466 475 1491 ut
486 1453 571 1492 licet
577 1453 693 1492 homo
701 1456 737 1491 in
748 1456 868 1492 anima
877 1453 1058 1492 conserva-

29 1519 83 1546 ret
90 1509 505 1560 innocentiam‚corporis
514 1521 635 1546 tamen
644 1509 852 1547 conditione
862 1508 971 1546 brutis
981 1510 1056 1546 ani-

31 1560 181 1599 malibus
199 1562 316 1600 fimilis
327 1560 444 1601 fuisset
454 1587 462 1603 ‚
475 1566 585 1600 morti
597 1566 797 1615 caeterisque
815 1562 959 1602 miseriis
979 1576 1054 1599 non

29 1617 146 1652 minus
155 1629 261 1666 quam
269 1616 328 1654 illa
335 1617 523 1654 obnoxius.
549 1617 615 1654 Sed
625 1620 705 1669 quia
715 1631 810 1655 nunc
821 1619 963 1655 testatur
969 1619 1056 1655 Scri-

28 1681 130 1721 ptura
139 1693 147 1709 ‚
158 1669 269 1723 longe
287 1671 528 1708 excellentiori
543 1671 722 1723 dignitatis
738 1672 847 1725 gradu
862 1670 1055 1708 secundum

29 1737 154 1774 corpus
165 1724 350 1761 conditum
367 1719 437 1761 esse
450 1723 639 1762 hominem
651 1727 727 1765 ‚·ita
737 1738 777 1762 ut
788 1739 850 1776 per
858 1725 1055 1762 mortalita-

27 1789 104 1814 tem
120 1790 227 1827 quam
241 1778 305 1815 fibi
320 1777 502 1829 peccando
519 1780 696 1816 contraxit
715 1803 724 1819 ‚
754 1781 906 1827 dejestus
923 1779 1056 1815 dicatur

27 1830 136 1883 longe
152 1829 242 1867 infra
255 1831 434 1868 honorem
442 1834 564 1881 primae
576 1831 640 1869 suae
651 1833 866 1871 conditionis
876 1857 884 1872 ,
895 1834 989 1870 reste*
999 1833 1053 1869 di-

28 1885 158 1923 citurid
166 1883 242 1922 fieri
249 1898 325 1922 non
333 1882 498 1936 potuisse,
509 1885 619 1936 pofita
626 1889 739 1937 prima
748 1887 809 1924 illa
818 1888 1050 1926 institutione,

25 1939 135 1977 stante
145 1940 362 1977 innocentia.
391 1938 503 1976 Rene
514 1941 633 1990 itaque
650 1940 856 1977 Methodius
865 1939 955 1991 apud
971 1942 1052 1990 Epi-

20 1992 192 2045 phaniam
201 1995 238 2030 in
248 1993 365 2031 haerefi
379 1993 558 2046 Origenis.
583 1999 622 2030 A
626 1992 646 2029 b
655 1994 844 2031 immortali
852 1998 936 2033 Deo,
937 1992 1057 2043 simu-

27 2044 183 2085 tachrum
199 2052 272 2094 ejm
280 2073 289 2087 ‚
305 2049 420 2099 inquit
428 2072 437 2088 ‚
458 2050 496 2085 in
513 2060 580 2099 quo
590 2048 651 2097 sui
667 2047 834 2099 excidisset
848 2050 1048 2098 imaginem,

26 2105 129 2152 mni
139 2116 152 2139 ι
168 2103 361 2140 immortale
377 2101 686 2151 &incorruptibile
692 2102 774 2150 fieri
780 2102 919 2151 flebunt
951 2105 1050 2156 Q-

26 2151 166 2208 propter
173 2161 417 2194 Bonaventura
427 2157 472 2194 ad
480 2157 606 2199 dist.19.
617 2156 677 2194 lib.
688 2170 717 2194 2..
731 2160 888 2194 Sentent.
900 2158 1048 2195 articulo

12 2256 14 2258 Ι
25 2209 186 2253 secundo,
196 2224 271 2249 non
279 2223 417 2249 veretur
424 2208 801 2262 afferere,impoffibile
811 2207 892 2252 effe,
900 2223 937 2249 ut
946 2211 1048 2249 fimul

24 2265 207 2304 eonfistant
213 2268 421 2304 innocentia
431 2271 465 2304 ὃ(
476 2268 710 2317 corruptionis
718 2279 824 2317 poena
834 2290 843 2306 ‚
861 2276 1048 2317 propterea

23 2319 120 2370 quod
132 2321 222 2359 ordo
238 2320 361 2358 divinae
377 2321 511 2369 justitiae
535 2320 670 2359 nullam
686 2320 992 2358 inordinationem
1009 2323 1046 2358 in

23 2373 177 2422 universo
189 2375 358 2414 sustineat.
985 2390 997 2398 ³

73 2423 164 2483 Q
173 2428 192 2467 ἒι
199 2433 306 2468 Scoto
318 2436 352 2468 ὅ(
362 2425 494 2468 asseclis
503 2429 718 2479 objiciuntur
726 2443 791 2483 pro
806 2428 964 2468 absoluta
972 2431 1042 2482 pri-

20 2481 232 2521 mihominis
239 2485 276 2521 in
286 2485 373 2523 statu
385 2487 601 2523 innocentiae
609 2487 839 2526 mortalitate,
850 2487 930 2537 quia
940 2483 1015 2521 sunt
1025 2482 1045 2520 a

21 2537 149 2573 socino
156 2538 375 2590 interpolata,
386 2537 406 2577 a
413 2539 518 2577 nobis
528 2539 795 2591 explicabuntur
803 2539 945 2590 quando
957 2552 1043 2576 con-

21 2599 74 2625 tra
83 2592 249 2629 socinum
257 2606 414 2647 agemus,
427 2596 486 2646 qui
495 2593 531 2631 id
541 2594 687 2646 quidem
696 2593 715 2630 a
723 2597 830 2631 Scoto
843 2592 1040 2644 desumpsit,

22 2643 118 2693 quod
126 2643 238 2683 homo
245 2649 282 2684 in
292 2648 378 2686 statu
386 2651 593 2697 innocentie
602 2660 698 2686 extra
705 2650 841 2700 peccati
849 2650 1041 2688 rationem,

21 2698 137 2747 potuit
145 2701 237 2736 mori
247 2714 255 2736 ε
267 2699 323 2739 sed
332 2702 376 2740 ab
386 2717 431 2740 eo
441 2701 603 2741 differtin
616 2717 661 2741 eo
673 2728 682 2744 ‚
699 2703 796 2755 quod
803 2707 924 2741 Scotus
934 2714 1042 2755 nega-

22 2750 71 2811 vit
86 2749 129 2786 de
150 2752 208 2788 tali
217 2752 361 2793 homine
368 2755 479 2808 ipsum
490 2760 614 2796 mortis
624 2756 741 2796 astum
750 2769 894 2810 propter
903 2759 1042 2795 contra-

21 2816 110 2841 mm
128 2805 197 2841 Dei
214 2806 470 2859 dispositionem
479 2836 488 2852 ‚
507 2826 614 2864 quam
630 2827 706 2851 non
719 2813 865 2866 agnovit
882 2814 1038 2852 Somnus,

21 2858 84 2895 nifi
92 2857 289 2909 poffibilem
298 2885 306 2901 ‚
316 2863 372 2900 sed
380 2878 454 2902 non
463 2868 541 2905 αᾶιι
550 2865 688 2905 saetam.
710 2869 753 2916 Et
769 2879 891 2912 tamen
904 2879 1041 2904 certum

22 2912 241 2965 esphaustam
251 2910 320 2952 effe
328 2918 443 2955 Socini
451 2919 661 2958 sententiam
671 2934 715 2966 ex
723 2917 995 2995 Pelagia‘im
1005 2925 1039 2958 ὅ(

0 3002 8 3007 s
22 2964 313 3004 scholasticorum
321 2968 464 3013 lacunis,
473 2987 511 3011 ut
520 2973 638 3026 postea
649 2967 854 3012 videbimus.

73 3021 140 3058 His
149 3021 276 3072 politis,
289 3023 442 3062 nostram
449 3025 657 3066 sententiam
668 3053 676 3069 ‚
690 3028 1039 3080 quodirnmortalitas

23 3074 128 3126 qualis
135 3074 200 3115 fuit
209 3075 229 3114 ὲ
239 3076 343 3116 nobis
353 3077 518 3132 descripta
527 3104 536 3122 ‚
552 3080 656 3127 fuerit
663 3086 780 3135 primo
789 3081 929 3121 homini
937 3096 1040 3123 natu-

1118 1411 1243 1450 corpus
1253 1399 1373 1434 natura
1383 1397 1534 1435 mortale
1544 1395 1622 1438 flur,
1636 1410 1698 1434 cur
1707 1411 1783 1434 non
1794 1397 1903 1434 etiam
1911 1395 2027 1433 homo
2041 1407 2052 1435 Ξ
2066 1410 2154 1449 prae-

1118 1450 1237 1489 sertim
1247 1464 1330 1490 cum
1342 1451 1609 1489 mortalitatis&
1618 1451 1893 1489 immortalitatis
1903 1451 2153 1489 denominatio

1118 1508 1155 1543 in
1165 1505 1326 1548 homine,
1337 1505 1357 1544 ὲ
1368 1519 1519 1558 corpore
1531 1505 1668 1558 semper
1676 1504 1838 1544 sumatur.
2104 1512 2110 1524 ¹

1170 1575 1195 1609 5.
1220 1564 1253 1598 Si
1262 1561 1510 1599 immortalitas
1519 1559 1660 1599 homini
1667 1560 1872 1598 naturaliter
1878 1572 1955 1597 non
1964 1560 2151 1613 competit,

1117 1611 1258 1654 necesse
1271 1618 1337 1653 erit
1345 1618 1474 1653 animae
1486 1615 1616 1667 aliquid
1625 1627 1833 1668 competere
1840 1625 1966 1667 praeter
1973 1626 2149 1654 naturam,

1116 1670 1247 1721 ipsique
1264 1669 1489 1722 summopere
1505 1668 1718 1723 fugiendum
1729 1693 1738 1710 ‚
1749 1681 1875 1720 utpote
1883 1681 2084 1722 repugnans
2091 1683 2150 1708 ve-

1115 1722 1304 1760 hementer
1319 1723 1468 1760 naturali
1489 1727 1562 1772 ejus
1579 1722 1817 1774 inclinationi,
1827 1722 1958 1760 scilicet
1967 1734 2006 1760 ut
2015 1725 2147 1776 exiguo

1115 1788 1255 1814 tantum
1271 1789 1434 1828 tempore
1449 1777 1490 1813 fit
1508 1780 1606 1821 unita
1625 1779 1766 1827 corpori
1783 1800 1792 1817 ,
1817 1774 1938 1827 postea
1964 1788 2086 1814 autem
2109 1780 2146 1814 in

1113 1843 1286 1869 aeternum
1303 1843 1400 1868 extra
1419 1844 1544 1883 corpus
1561 1842 1705 1869 maneat
1716 1853 1725 1871 ‚
1748 1832 1830 1883 quia
1838 1827 2145 1883 resurrestiosupra

1115 1897 1279 1923 naturam
1293 1887 1351 1923 est.
1849 1914 1857 1920 f

1166 1949 1197 1976 6.
1215 1943 1247 1977 Si
1263 1941 1512 1978 immortalitas
1531 1940 1670 1978 homini
1688 1954 1764 1977 non
1780 1934 1898 1977 fuiffet
1913 1939 2074 1976 naturalis
2085 1939 2143 1979 sed

1111 1992 1374 2046 supernaturalis
1385 2019 1393 2034 ‚
1405 2007 1492 2047 ergo
1508 2008 1584 2031 non
1593 1991 1711 2032 fuiffet
1719 1993 1934 2030 haereditaria
1944 2016 1953 2032 ‚
1966 1998 1999 2030 &
2007 2007 2070 2045 per
2081 2006 2145 2047 ge-

1112 2050 1338 2086 nerationem
1355 2061 1566 2102 propagata,
1585 2062 1660 2086 non
1677 2050 1776 2085 enim
1794 2061 1856 2099 per
1870 2050 2145 2100 generationem

1109 2115 1350 2155 propagantur
1361 2103 1456 2140 dona
1464 2101 1733 2155 supernaturalia
1744 2106 1777 2139 &
1787 2101 1989 2139 extrinseca.
2017 2107 2064 2140 At
2072 2106 2142 2140 im-

1109 2158 1367 2195 mortalitatem
1388 2157 1484 2195 suam
1508 2158 1660 2199 Adamus
1679 2159 1714 2193 in
1733 2155 1891 2207 posteros
1907 2153 2141 2208 propagasset.

1109 2211 1198 2250 Non
1218 2224 1306 2264 ergo
1324 2211 1391 2249 fuit
1411 2211 1660 2249 immortalitas
1680 2211 1818 2248 donum
1834 2208 2087 2262 supernaturale
2107 2215 2142 2248 &

1109 2266 1354 2316 extrinsecum.
1546 2303 1547 2306 ,

1157 2334 1190 2365 7.
1218 2322 1389 2373 Scriptura
1409 2320 1546 2374 semper
1565 2333 1725 2359 mortem
1753 2320 1788 2357 in
1813 2331 2000 2372 peccatum
2021 2317 2138 2360 refert,

1105 2388 1289 2427 nunquam
1300 2377 1338 2412 in
1354 2389 1517 2413 naturam
1527 2401 1536 2417 ‚
1548 2376 1653 2414 sedin
1662 2375 1698 2412 id
1707 2374 1804 2426 quod
1813 2387 1976 2424 naturam
1985 2372 2138 2413 destruit.

1103 2431 1156 2467 Sic
1173 2442 1475 2483 argumentamur.
1506 2432 1604 2478 Mors
1614 2431 1663 2467 est
1671 2443 1777 2482 poena
1785 2432 1963 2481 peccati&
1976 2440 2137 2467 naturam

1101 2483 1205 2536 perse
1216 2485 1461 2539 destruit‚ergo
1472 2486 1690 2522 contrarium
1701 2486 1772 2534 ejus
1780 2482 1847 2522 fiiit
1856 2482 2023 2524 naturale,
2033 2496 2136 2521 nem-

1100 2551 1146 2588 pe
1156 2541 1329 2576 contraria
1338 2542 1448 2577 morti
1456 2539 1714 2578 immortalitas,

1155 2599 1184 2630 8.
1208 2594 1415 2632 Concilium
1424 2594 1674 2631 Milevitanum
1683 2597 1835 2632 Canone
1846 2605 1872 2629 1.
1882 2591 1966 2629 dicit
1975 2590 2131 2629 Anathe-

1100 2659 1160 2684 ma
1169 2649 1209 2684 iis
1219 2650 1278 2698 qui
1286 2660 1445 2685 mortem
1455 2646 1611 2686 referunt
1619 2648 1662 2685 ad
1670 2646 1913 2686 neceffitatem
1921 2658 2064 2684 naturae.

1152 2715 1185 2744 9.
1215 2703 1423 2742 Concilium
1439 2704 1588 2740 Araufic.
1601 2718 1632 2740 2.
1653 2717 1727 2754 cap.
1740 2717 1770 2740 2..
1782 2701 1931 2739 affirmat
1942 2725 1950 2741 ‚
1967 2714 2029 2738 eos
2037 2702 2130 2749 inju-

1099 2756 1226 2794 stitiam
1238 2757 1318 2795 dare
1324 2759 1483 2810 Deo‚qui
1493 2757 1615 2795 dicunt
1624 2770 1781 2795 mortem
1791 2757 1945 2809 corporis
1953 2756 2023 2793 fine
2033 2767 2130 2791 mor—

1101 2822 1136 2847 te
1149 2813 1276 2848 animae
1287 2835 1296 2853 ,
1306 2812 1377 2849 hoc
1388 2813 1436 2849 est
1445 2813 1516 2849 fine
1524 2825 1674 2864 peccato
1689 2837 1697 2852 ,
1710 2814 1746 2848 in
1765 2824 1875 2848 omne
1885 2823 1996 2862 genus
2004 2808 2127 2845 huma-
2176 2842 2178 2844 ,

1100 2878 1187 2903 num
1205 2863 1380 2904 tranfiiffe.
1410 2866 1501 2905 Non
1515 2880 1603 2920 ergo
1623 2867 1691 2904 dici
1708 2867 1822 2917 potest
1843 2877 1939 2900 mors
1956 2860 2129 2898 naturalis.

1101 2924 1199 2957 Tum
1217 2923 1314 2958 enim
1340 2920 1433 2959 nulla
1451 2916 1538 2958 esset
1559 2924 1597 2958 in
1613 2924 1694 2958 Deo
1714 2921 1837 2966 justitia
1864 2942 1872 2957 ,
1899 2918 1923 2953 fi
1938 2916 2123 2952 hominem

1101 2978 1208 3012 etiam
1228 2989 1302 3012 non
1314 2988 1524 3026 peccantem
1534 2969 1740 3027 permisisset
1749 2972 1859 3010 subire
1868 2980 2035 3007 mortem,
2047 2978 2123 3016 quae

1099 3030 1160 3081 ipfi
1170 3027 1348 3066 accidisset
1361 3030 1571 3067 naturaliter.

1154 3087 1244 3137 Q
1252 3086 1290 3121 in
1301 3086 1512 3122 contrariam
1520 3094 1658 3136 partem
1671 3079 1886 3117 adducuntur
1897 3085 2119 3129 argumenta,

1697 3130 1736 3168 N
1760 3142 1775 3176 3
2066 3127 2121 3166 vel
