2411 3348
1155 54 1179 67 a

213 99 276 151 46
315 146 318 147 ⁷
680 136 683 138 ,
872 83 892 126 Ι
925 95 957 127 κ
1006 93 1008 96 ’
1039 80 1080 126 C
1119 95 1152 125 A
1191 95 1229 125 ι».

207 163 377 203 sariorum
391 156 653 214 hypothefibus,
667 153 871 197 dominium
879 167 956 192 non
964 147 1065 206 poffe
1078 151 1116 190 id
1127 147 1198 190 effe
1209 153 1247 190 in

210 233 283 273 quo
296 216 449 257 consistit
459 227 535 253 tota
543 216 667 264 imago
675 212 757 249 Dei.
921 241 925 247 .

224 290 230 303 τ
261 287 285 312 1.
308 274 443 310 Dicunt
452 270 501 307 illi
515 293 524 309 ‚
537 263 723 306 Hominffm
742 277 810 302 non
824 261 964 315 amififfi
981 262 1169 312 imaginem
1178 264 1249 300 Deo·

202 337 452 380 perpet-catum
461 351 470 364 ,
489 334 564 374 quae
577 321 626 358 est
636 318 837 372 hypothefis
846 320 985 359 Socim,
996 316 1041 355 de
1048 317 1126 355 stat.
1139 317 1248 368 primi

205 384 364 421 hominis
373 405 382 421 ‚
402 391 480 430 pag.
491 391 523 422 7.
543 380 578 413 ὃ(
597 374 738 412 Smalcii
754 386 880 412 contra
895 373 1100 410 Frantzium
1115 370 1197 422 disp.
1215 385 1246 409 2.

207 451 287 490 pag.
299 449 344 484 52.
357 439 388 472 &
401 447 449 480 54.
462 433 650 468 Hominem
658 439 779 467 autem
781 438 844 480 per
844 438 1030 479 peccatum
1036 424 1178 477 amifi'ffi
1187 425 1246 464 do-

207 494 359 529 minium
370 491 408 524 in
417 497 595 534 creaturas
604 511 614 525 ‚
627 484 725 536 quod
741 497 786 521 ex
802 485 931 521 eorum
945 483 1045 520 diuis
1053 477 1247 519 necessario

206 545 450 595 consequitur,
462 535 587 578 dicffnt
595 542 694 577 enim
706 563 715 579 ‚
730 537 936 576 dominium
948 536 1091 575 homini
1103 533 1247 574 conces—

205 598 403 640 sumniam
412 596 551 633 extendi
560 595 611 632 ad
616 608 667 631 res
675 594 826 631 coelestes.
836 594 953 631 Socin.
965 592 1009 630 de
1020 592 1098 629 stac.
1106 603 1133 628 1.
1144 589 1247 628 hom.¹

205 669 281 707 cap.
292 668 321 691 2..
330 664 411 704 pag.
427 657 482 689 80.
493 655 527 688 &
539 655 592 695 87.
623 649 663 686 Id
674 662 719 685 an
736 660 860 686 verum
868 648 910 686 fit
918 661 1034 685 necne
1047 659 1122 684 non
1132 644 1245 697 dispu-

205 721 338 748 tamus3
359 706 416 744 sed
427 718 510 753 cum
522 705 559 742 id
569 718 635 756 pro
650 715 749 741 certo
757 701 913 740 habeant
923 725 932 742 ‚
944 701 1080 740 debent
1088 696 1245 741 necessa-

204 766 260 802 rio
272 760 476 816 agnoscere,
485 755 655 797 amissum
666 753 738 796 esse
746 756 832 796 illud
841 757 1058 796 dominium,
1069 755 1169 808 quod
1179 754 1244 792 ho-

205 818 262 857 die
272 830 385 856 nem-o
395 815 483 853 sanae
493 816 623 853 mentis
632 814 694 852 fibi
706 814 822 866 potest
834 824 1010 866 arrogare.
1025 810 1137 864 Qod
1148 811 1248 848 enim

203 873 319 927 Josuae
331 872 521 923 imperanti
534 869 597 907 soli
615 874 647 907 &-
665 869 757 906 lunae
769 893 777 909 ‚
799 871 880 905 voci
888 866 1046 905 hominis
1058 866 1143 903 astra
1155 864 1246 902 obe-

205 929 364 968 dierunt,
384 926 420 962 id
429 923 560 964 saelum
571 922 639 962 fitit
650 948 658 964 ‚
669 937 744 961 non
755 922 972 971 subjectione
984 920 1158 959 ordinaria
1169 943 1177 960 ,
1188 918 1247 956 sed

204 980 412 1020 miraculosa
421 979 676 1032 dispensatione
687 978 814 1015 divina.
828 975 998 1015 Praeterea
1006 975 1075 1028 ipse
1084 977 1242 1015 Socinus‚

205 1038 248 1075 de
257 1038 331 1075 stat.
343 1049 368 1073 1.
377 1035 477 1073 hom.
489 1048 562 1086 cap.
574 1048 603 1071 z.
614 1048 647 1086 p.
658 1039 709 1071 86.
721 1031 846 1070 definit
855 1031 1061 1069 dominium
1071 1054 1080 1071 ‚
1090 1043 1153 1081 per
1163 1029 1238 1080 ple-

180 1111 182 1113 ·
204 1105 292 1130 num
301 1104 420 1129 rerum
429 1089 538 1127 usum.
565 1088 723 1141 Qidefz‘
729 1087 832 1123 aliud
840 1087 854 1132 (
864 1087 1002 1137 inquit)
1012 1085 1119 1122 alicui
1128 1086 1177 1126 rei
1185 1083 1241 1120 do-

204 1148 336 1184 minari
348 1173 356 1186 ,
369 1157 478 1197 quam
494 1147 568 1189 eiua
585 1144 633 1178 rei
643 1142 786 1191 plenum
796 1140 899 1190 usum
907 1138 1032 1177 habere
1042 1146 1056 1175 ἓ
1075 1140 1166 1192 Qs
1178 1152 1238 1177 au-

205 1214 281 1239 tem
291 1199 400 1238 nescit
408 1198 478 1235 hoc
488 1210 563 1235 tem
592 1209 653 1234 ore
664 1220 672 1236 ‚
686 1194 786 1234 usum
797 1206 1053 1235 creaturarum,
1069 1196 1106 1232 in
1119 1196 1241 1245 primis

205 1255 397 1294 bestiarum
408 1277 416 1294 ,
427 1266 502 1290 non
517 1211 587 1289 essii
597 1250 747 1303 plenum
757 1275 766 1291 ,
779 1262 862 1288 cum
876 1251 915 1286 in
924 1249 1096 1302 plerisque
1106 1249 1146 1286 fit
1159 1261 1243 1286 cum

203 1311 422 1349 reluctantia,
435 1313 468 1345 &-
478 1309 514 1344 in
525 1306 599 1343 aliis
607 1303 710 1357 plane
720 1307 919 1350 inveniatur
929 1304 1093 1345 nullus‚in
1105 1303 1245 1356 quibus-

206 1365 290 1402 dam
308 1367 418 1403 etiam
438 1363 565 1399 noxius
577 1370 586 1398 ?
607 1362 657 1397 Ex
675 1359 801 1412 quibus
822 1371 947 1397 contra
959 1357 1190 1397 adversarium
1201 1358 1246 1396 fic

205 1429 499 1473 argumentamur
508 1417 552 1453 ad
561 1415 763 1452 hominem.
778 1419 906 1468 Imago
916 1417 987 1452 Dei
999 1428 1073 1452 non
1085 1414 1133 1451 est
1144 1411 1246 1450 amis-

204 1473 247 1512 sa.
269 1475 488 1512 Dominium
498 1470 600 1522 quale
610 1468 734 1507 definit
743 1471 888 1507 Socinus
902 1470 950 1507 est
960 1465 1125 1507 amissum
1136 1484 1144 1510 ς
1155 1481 1244 1522 ergo

205 1529 273 1568 tale
285 1528 491 1565 dominium
500 1526 700 1578 imaginem
711 1527 744 1562 D
752 1527 784 1562 ei
795 1538 871 1562 non
882 1525 1072 1562 constituit.
1196 1531 1197 1535 ’

254 1584 323 1621 Etsi
335 1595 423 1636 ergo
435 1583 655 1618 Dominium
664 1581 700 1616 in
711 1592 882 1617 creaturas
894 1603 902 1620 ‚
915 1581 1025 1616 etiam
1035 1578 1137 1630 quale
1149 1591 1242 1615 nunc

205 1640 255 1677 est
267 1639 406 1675 ratione
423 1638 503 1685 juris
520 1641 553 1673 ὃ(
572 1634 714 1684 alicujus
732 1634 805 1673 usus
815 1658 829 1681 ‚K
844 1633 1017 1671 nonnulla
1026 1635 1066 1670 fit
1077 1634 1244 1686 imaginis

205 1695 276 1731 Dei
294 1692 473 1745 particula,
489 1693 584 1740 cujus
593 1692 794 1727 etiamnum
807 1688 867 1726 sub
877 1701 1026 1740 peccato
1035 1689 1197 1740 quaedam
1206 1689 1244 1724 in

203 1746 362 1787 universo
375 1759 508 1800 genere
517 1745 677 1783 humano
688 1745 833 1798 vestigia
843 1755 1023 1795 apparent,
1037 1755 1115 1780 tum
1125 1745 1162 1779 in
1174 1744 1243 1794 pri-

204 1805 272 1841 mis
283 1815 350 1854 qua
360 1801 454 1839 nunc
462 1798 541 1838 sunt
550 1798 760 1837 conditione
769 1813 823 1837 res
831 1798 994 1836 humanae
1004 1799 1070 1840 „in
1078 1799 1244 1850 principi-

204 1857 269 1896 bus
278 1858 356 1894 vim's
365 1870 405 1895 ac
414 1854 778 1908 magistratibus‚quos
786 1857 884 1892 Deus
892 1853 1130 1906 gubernandis
1140 1866 1179 1889 ac
1189 1865 1244 1889 re-

232 1911 331 1950 endis
339 1910 478 1963 populis
489 1907 645 1961 praefecit
654 1911 725 1955 ejus
737 1907 825 1959 ἒξοχιὶ
835 1907 997 1958 quaedam
1005 1899 1170 1961 rfeful'gen
1183 1907 1244 1956 qui

204 1925 274 2004 {oc
284 1968 435 2003 nomine
444 1966 609 2001 Deorum
619 1962 724 2000 titulo
732 1963 887 2014 insigniri
899 1960 1012 1998 solent
1020 1960 1039 1997 a
1049 1963 1102 2011 Sp.
1116 1961 1243 1996 &meto

205 2023 243 2058 in
257 2020 379 2058 divinis
389 2014 518 2056 literis:
537 2021 681 2054 Tamen
697 2028 822 2067 praeter
831 2016 930 2052 illam
941 2016 1108 2066 imaginis
1119 2015 1243 2050 divinae

204 2074 441 2127 appendicem
453 2096 462 2113 ›
476 2072 603 2110 dantur
619 2072 656 2107 in
665 2070 816 2108 homine
826 2071 988 2123 primitus
997 2065 1242 2120 creato‚longe
1259 2078 1266 2084 ·

204 2127 417 2182 perfeffiora
431 2127 528 2165 dona
543 2124 668 2178 quibus
679 2125 738 2162 ille
750 2127 872 2165 Deum
889 2122 989 2161 suum
997 2121 1112 2160 multo
1122 2121 1239 2160 excel-

205 2183 333 2222 lentius
347 2181 455 2221 refert
464 2207 473 2223 ,
485 2180 823 2234 qualia‘suntjustitia
831 2183 863 2218 ἃ
873 2177 1040 2218 sanaim,
1053 2190 1135 2229 quas
1148 2179 1238 2214 ima-

205 2240 297 2292 ginis
305 2238 430 2276 divinae
461 2239 624 2288 raecipuas
633 2239 797 2288 partes‚&
806 2236 962 2286 primaevi
970 2233 1074 2269 status
1083 2234 1241 2269 maxima

204 2292 386 2345 privilegia
395 2305 415 2329 e
447 2305 478 2331 e,
490 2290 588 2342 supra
596 2291 791 2328 docuimus.
817 2291 862 2326 Et
871 2290 960 2325 ratio
975 2284 1121 2326 evidens
1129 2287 1177 2323 est
1187 2299 1239 2322 ta-

205 2348 252 2385 lia
260 2345 412 2399 praeferri
420 2345 551 2383 debere
562 2344 728 2389 dominio
743 2344 781 2380 in
801 2354 990 2381 creaturas,
1030 2354 1055 2377 1.
1119 2343 1173 2392 uia
1186 2343 1241 2385 y'u-

199 2403 301 2453 stitia
319 2399 364 2446 ὁ·
371 2401 542 2450 fhnfft'itas
556 2398 729 2436 hominem
746 2396 985 2434 commendant
1006 2400 1078 2444 Deo
1097 2422 1106 2435 ‚
1133 2396 1241 2432 domi-

206 2458 308 2494 nium
317 2457 486 2496 nonitem.
517 2453 607 2491 Non
627 2454 726 2490 enim
742 2451 1023 2504 multipotentes
1034 2449 1111 2487 sunt
1127 2449 1240 2487 electi.

207 2525 234 2550 1.
246 2513 332 2549 Cor.
347 2523 372 2547 1.
384 2508 465 2547 vers.
477 2519 528 2547 26.
551 2510 600 2546 Et
610 2510 693 2546 Deo
707 2505 864 2560 displicet
881 2505 1111 2543 vehementer
1125 2504 1243 2541 domi-

206 2568 309 2603 nium
323 2563 470 2603 Diaboli
481 2588 490 2604 ›
509 2568 543 2601 &
553 2564 718 2600 omnium
730 2561 925 2614 impiorum
936 2585 945 2600 ‚
961 2562 1020 2611 qui
1029 2560 1100 2597 fine
1113 2560 1242 2608 justitia

206 2625 241 2658 &
262 2619 441 2658 sanctitate
457 2617 620 2671 usurpant
628 2616 866 2654 dominatum.
899 2629 928 2653 2.
947 2618 1120 2668 Regnum
1131 2613 1241 2652 coelo-

204 2687 286 2713 rum
297 2676 462 2711 omnium
473 2672 655 2711 bonorum
665 2670 845 2709 summum
855 2695 865 2712 ‚
884 2667 1050 2707 definitur
1060 2694 1069 2709 ,
1088 2670 1238 2714 justitia,

207 2734 240 2767 8(
251 2729 342 2766 hanc
354 2727 649 2780 consequentibus
657 2751 666 2768 ,
679 2736 764 2777 pace
777 2724 954 2775 &gaudio
963 2726 1132 2775 inspiritu
1142 2751 1151 2764 ,
1161 2726 1240 2761 Ro-

205 2797 302 2821 man.
315 2797 363 2832 14.
372 2797 403 2820 v.
421 2796 473 2832 17.
503 2785 680 2821 Sumimus
690 2793 811 2819 autem
821 2793 860 2817 ut
870 2791 1007 2820 certum
1018 2805 1026 2820 ‚
1039 2781 1237 2832 imaginem

206 2840 296 2879 Dei,
318 2840 519 2880 maximum
536 2834 606 2875 effe
629 2836 768 2874 donum
783 2835 924 2873 homini
943 2834 1115 2872 collatum
1132 2848 1139 2870 :
1159 2836 1240 2885 quia

206 2907 290 2932 cum
306 2895 403 2931 Deus
422 2891 528 2930 vellet
538 2892 693 2930 condere
709 2892 901 2929 hominem
919 2889 1029 2928 brutis
1044 2888 1162 2926 multo
1180 2903 1239 2926 ex-

206 2949 456 2986 cellentiorem
465 2971 474 2989 ,
482 2949 614 2985 >creavit
624 2947 726 2984 illum
736 2944 832 2983 Deus
841 2944 885 2983 ad
894 2946 1094 2998 imaginem
1105 2949 1138 2982 &
1147 2944 1240 2982 fimi-

205 3002 394 3041 litudinem
413 3001 521 3040 suam.
549 3003 584 3039 Si
602 3003 728 3055 imago
743 3003 813 3052 Dei
828 3001 869 3038 fit
881 2999 1061 3037 summum
1078 3005 1111 3037 ὃς
1124 3000 1241 3038 excel-

206 3056 437 3096 lentissimum
457 3057 598 3095 bonum
613 3057 755 3094 homini
770 3058 807 3093 in
824 3058 1003 3094 creatione
1012 3053 1031 3091 ὲ
1040 3052 1122 3092 Deo
1133 3056 1242 3094 colla-

207 3122 295 3153 tum;
305 3116 336 3149 8<
346 3113 564 3152 Dominium
571 3114 609 3151 in
619 3123 789 3152 creaturas
798 3125 875 3150 non
884 3112 925 3150 fit
933 3110 1018 3149 illud
1026 3111 1242 3164 praecipuum

1299 83 1344 126 1:
1391 81 1455 125 *G
1493 93 1527 129 ε,
1553 92 1586 124 κ
1621 92 1645 124 1!
1676 85 1721 125 s.

1310 151 1465 194 bonum,
1475 150 1628 204 sequitur
1637 148 1854 190 hominium
1864 148 1952 190 illud
1959 163 2036 189 non
2043 151 2226 203 exhaurire
2235 152 2366 196 totam*

1297 232 1299 234 -
1313 208 1494 259 rationem
1504 207 1673 260 imaginis
1685 205 1821 244 divinae.
1861 224 1945 251 κ,
2247 207 2263 237 ’-
2386 247 2391 250 .

1366 260 1435 312 Sed
1443 260 1682 314 idrpraesertiin
1699 272 1798 314 patet
1814 274 1860 299 ex
1869 261 2009 299 ratione
2019 262 2250 314 reparationis
2262 263 2350 303 divi-

1313 329 1369 354 nae
1378 316 1547 370 imaginis
1562 317 1600 354 in
1612 315 1788 355 homine·
1801 318 1834 354 Si
1847 318 1946 354 enim
1956 318 2082 369 imago
2096 320 2168 355 Dei
2185 319 2351 358 confiste-

1312 382 1367 409 ret
1375 370 1430 408 vel
1442 369 1594 412 tantum,
1605 369 1661 408 vel
1671 369 1845 424 praecipue
1855 372 1893 409 in
1902 373 2094 414 Dominio,
2106 374 2180 421 ejus
2194 369 2351 426 aliquam

1310 427 1541 470 mentionem
1555 425 1743 479 Apostolus
1756 428 1901 476 injicere
1912 422 2101 468 debuisset,
2113 426 2174 465 ubi
2185 428 2278 466 adeo
2289 443 2349 467 ex·
2394 425 2400 432 Χ

1311 480 1422 533 presse
1437 482 1510 534 agit
1528 481 1572 519 de
1583 482 1807 533 reparatione
1823 486 1858 519 ὅ(
1869 479 2128 520 reformatione
2139 481 2298 521 hominis
2307 484 2352 524 ad

1311 538 1512 590 imaginem
1526 534 1610 574 Dei.
1638 541 1686 575 At
1702 535 1857 574 dominii
1876 536 1967 575 illius
1976 551 2053 576 non
2062 539 2252 580 meminit,
2274 550 2351 577 non
2395 560 2399 564 ·

1312 590 1477 642 quod'ad
1495 591 1697 645 imaginem
1715 593 1788 630 Dei
1799 591 1900 628 nullo
1910 592 2025 629 modo
2036 594 2213 644 pertineat
2224 617 2232 633 >
2253 593 2351 645 quod
2391 614 2395 617 ⁴

1312 644 1416 684 antea
1426 659 1492 683 nos
1501 648 1610 684 etiam
1627 643 1935 685 conceffimus‚sed
1947 647 2044 697 quod
2057 647 2125 684 alia
2135 647 2202 684 fint
2211 649 2249 685 in
2260 650 2354 686 ima-

1313 703 1398 754 gine
1405 702 1490 741 Dei,
1502 714 1545 738 ex
1555 700 1681 753 quibus
1690 713 1770 736 vera
1781 705 1816 736 δε
1828 697 1982 752 Ρεῐῖεᾶε.
1995 700 2252 743 dominadffi&
2257 702 2347 758 legi-

1314 759 1420 794 timus
1430 768 1551 793 rerum
1567 754 1641 793 usus
1655 752 1878 806 consequitur
1888 778 1896 794 ,
1907 755 2044 805 iustitia
2061 769 2194 808 nempe
2207 762 2241 795 &
2261 758 2353 795 San-

1313 812 1412 848 ditm
1422 812 1597 849 veritatis,
1609 821 1648 846 ut
1660 806 1763 846 antea
1773 822 1818 846 ex
1835 809 1943 847 Paulo
1952 810 2352 864 probavimusAEphes4.

1313 879 1406 913 v.2.4.
1435 866 1674 903 Renovamini
1684 890 1693 903 ‚
1708 862 1753 909 ὁ*
1763 864 1900 901 induite
1912 877 2049 902 novum
2067 865 2241 904 hominem
2256 894 2265 907 ,
2288 869 2352 920 qui

1306 920 1502 970 secundum
1510 923 1630 970 unm
1641 928 1778 956 creatus
1787 921 1837 956 es‘?
1844 921 1884 957 in
1898 919 2033 968 iustitia
2045 920 2279 970 &sanfiitate
2286 936 2352 960 ve·
2398 960 2401 962 ,

1313 977 1437 1012 r‘itatis.
1470 987 1496 1010 1.
1523 986 1604 1011 vera
1611 974 1739 1023 justitia
1755 978 1789 1010 δε
1800 972 1991 1018 sanctitate.
2019 975 2094 1013 ubi
2112 989 2181 1013 vox
2202 989 2352 1015 renova-

1311 1031 1411 1066 tionis
1420 1056 1429 1069 ,
1440 1028 1575 1065 indicat
1587 1027 1697 1081 qualis
1710 1029 1822 1065 initio
1835 1027 1904 1066 fuit
1916 1041 2049 1068 creatus
2059 1029 2195 1073 homo,
2215 1044 2352 1084 nempe

1313 1082 1390 1121 vere
1402 1081 1535 1121 sanstus
1548 1087 1581 1121 &
1592 1083 1709 1132 justus,
1720 1082 1847 1136 quibus
1860 1084 2086 1136 qualitatibus
2097 1087 2256 1125 maxime
2265 1090 2351 1127 Deo

1313 1138 1431 1177 fimih's
1448 1149 1532 1175 erat.
1949 1160 1952 1161 ⁷
2050 1150 2052 1152 ’
2253 1142 2256 1143 ’
2339 1168 2342 1169 ⁷

1364 1197 1410 1230 At
1428 1204 1538 1246 negat
1549 1193 1696 1231 Socinus
1708 1192 1889 1232 Adamum
1906 1195 1943 1231 in
1954 1196 2074 1247 primo
2090 1196 2179 1235 statu
2197 1211 2281 1236 cum
2297 1198 2350 1247 ju-

1309 1247 1399 1286 stitia
1412 1246 1577 1302 originali
1592 1244 1696 1286 fuiffe
1716 1260 1894 1289 creatur-tn
1916 1254 1950 1287 &
1962 1250 2163 1289 &firmam
2180 1254 2279 1293 illam
2296 1267 2350 1291 re-

1311 1300 1433 1348 fellere
1446 1313 1596 1358 conatur
1605 1316 1678 1356 cap.
1690 1317 1716 1349 3.
1727 1305 1995 1354 praelefflonum
2005 1304 2154 1348 suarum,
2166 1308 2264 1359 quod
2280 1322 2349 1345 no-

1312 1356 1362 1395 bis
1375 1360 1579 1396 examinare
1590 1363 1624 1395 &
1637 1356 1799 1397 refellere
1810 1360 1995 1398 decretum
2005 1361 2053 1398 est
2065 1385 2073 1401 ‚
2086 1374 2125 1400 ut
2140 1361 2298 1400 hominis
2309 1362 2350 1400 il-

1309 1413 1376 1451 lius
1391 1415 1572 1451 temeritas
1588 1411 1751 1465 patefiat,
1766 1418 1800 1451 ὃ(
1816 1412 1957 1453 infoelix
1973 1428 2127 1455 acumen
2139 1441 2147 1457 ‚
2168 1431 2241 1470 quo
2258 1419 2351 1471 apud

1308 1467 1501 1507 nonnullos
1516 1466 1610 1505 male
1623 1466 1766 1506 feriatos
1779 1470 2075 1512 commendatur,
2088 1472 2175 1509 nihil
2187 1473 2283 1511 aliud
2301 1471 2352 1510 es—

1309 1523 1360 1565 se,
1382 1536 1491 1576 quam
1508 1523 1761 1575 impudentem
1778 1524 1982 1571 audaciam,
2004 1526 2137 1578 quidvis
2155 1530 2351 1566 commini-

1308 1577 1438 1618 scendi‚
1449 1578 1618 1630 negandi,
1630 1583 1663 1615 8<
1673 1577 1882 1619 affirmandi,
1895 1581 2131 1620 ostendamus.

1364 1635 1503 1686 Qrit
1514 1646 1622 1685 ergo,
1635 1645 1756 1671 utrum
1774 1636 1908 1685 primus
1922 1634 2040 1674 homo
2060 1649 2143 1675 ante
2159 1650 2349 1689 peccatum

1308 1689 1475 1737 justitiam
1493 1687 1648 1739 aliquam
1669 1688 1884 1741 originalem
1902 1688 2065 1729 habuerit
2083 1716 2092 1732 ‚
2112 1696 2145 1729 δε
2161 1691 2350 1745 postquam

1308 1742 1488 1795 respondit
1499 1767 1508 1784 ‚
1519 1741 1703 1794 plerosque
1716 1756 1844 1780 omnes
1859 1743 1959 1781 illam
1979 1759 2064 1783 eum
2083 1743 2242 1786 habuiffe
2258 1746 2350 1785 affir-

1310 1811 1420 1856 mare,
1432 1802 1502 1847 Ego
1516 1798 1663 1849 (inquit)
1665 1798 1760 1847 scire
1776 1797 1888 1835 velim
1897 1825 1907 1838 ,
1920 1801 2011 1850 quid
2021 1802 2155 1850 justitia
2175 1803 2350 1851 originalis

1309 1855 1448 1889 nomine
1457 1850 1824 1901 intelliganca.fflam
1834 1850 1872 1901 si
1878 1864 1954 1889 eam
1970 1855 2201 1893 'conditionem
2218 1857 2348 1894 intelli-

1305 1917 1398 1955 gunt
1408 1933 1417 1946 ‚
1440 1903 1660 1954 utnonpoffit
1668 1903 1827 1954 peccare,
1848 1906 1988 1956 qualem
2006 1908 2102 1946 bonos
2112 1913 2183 1946 Dei
2198 1911 2350 1962 Angehs

1309 1971 1404 1996 nunc
1420 1956 1546 1996 habere
1554 1959 1737 1998 credimus,
1750 1971 1826 1996 eam
1836 1960 1927 1997 cert?
1936 1974 2005 1999 non
2022 1962 2150 2001 habuit
2166 1966 2345 2008 Adamas,

1308 2027 1389 2051 cum
1402 2026 1481 2050 eum
1492 2011 1635 2064 peccaffie
1645 2017 1783 2051 conflet.
1814 2018 1934 2052 Bonus
1945 2018 1996 2052 vir
2014 2017 2078 2054 fibi
2096 2021 2214 2070 pinoit
2227 2033 2348 2076 trage-

1308 2068 1450 2120 laphos,
1470 2080 1553 2104 cum
1567 2067 1646 2105 satis
1661 2062 1781 2107 noffet
1789 2071 1978 2107 neminem
1995 2068 2068 2111 effe
2076 2076 2135 2126 qui
2146 2052 2196 2112 ἐξα
2211 2074 2356 2115 sentiae

1309 2125 1429 2175 Pergit
1442 2122 1697 2176 &ngn-odsi
1709 2124 1819 2172 {psum
1835 2137 1902 2162 non
1911 2135 2053 2175 peccare
2061 2140 2144 2167 ante
2152 2134 2348 2182 quampec-
2379 2164 2385 2166 ,

1308 2176 1407 2227 caffit
1422 2178 1632 2227 intelligunt,
1645 2179 1835 2216 ridiculum
1847 2180 1941 2230 illus}
1949 2184 1999 2218 est*
2012 2181 2058 2227 &a
2068 2185 2199 2236 questio
2207 2185 2348 2236 prorsus

1307 2235 1432 2282 inepta.
1459 2234 1550 2286 Qbs
1565 2235 1658 2270 enim
1668 2235 1783 2282 nejcit,
1788 2237 1961 2273 neminem
1963 2245 2125 2286 pecccare
2139 2250 2224 2277 ante
2234 2253 2345 2292 quam

1299 2297 1413 2337 peccet
1423 2294 1438 2324 ἒ
1465 2288 1603 2325 Scilicet
1614 2312 1624 2328 ,
1645 2287 1716 2326 hoc
1730 2288 1779 2324 est
1789 2302 1868 2326 rem
1880 2304 1946 2328 acu
1958 2302 2105 2346 tangere
2120 2301 2128 2333 ε
2148 2293 2346 2333 Non-dici-

1307 2355 1385 2379 mus
1406 2354 1473 2379 non
1482 2351 1624 2392 peccare
1637 2341 1927 2394 simplicitenesse
1939 2348 2106 2394 justitiam
2117 2349 2342 2402 originalem;

1306 2396 1364 2434 sed
1376 2410 1456 2433 eam
1474 2399 1511 2433 in
1524 2397 1733 2434 re&itudine
1753 2401 1921 2437 omnium
1929 2399 2137 2441 facultatum
2159 2409 2194 2442 ὃς
2208 2402 2341 2456 poten-

1306 2454 1433 2489 tiarum
1445 2451 1602 2488 hominis
1614 2451 1916 2505 collocamus,qua
1926 2469 2001 2493 non
2014 2457 2255 2496 solumrhomo
2264 2472 2343 2496 non

1303 2518 1427 2558 peccat
1439 2530 1448 2545 ‚
1466 2505 1525 2543 sed
1539 2520 1606 2558 qua
1626 2507 1742 2557 potest
1757 2520 1833 2544 non
1851 2523 2000 2560 peccare
2018 2526 2027 2552 ς
2047 2514 2124 2549 imo
2144 2514 2255 2549 etiam
2273 2527 2342 2565 qua

1302 2575 1378 2598 non
1386 2560 1503 2599 solum
1509 2563 1626 2613 potest
1634 2575 1710 2598 non
1722 2563 1944 2612 peccare‚sed
1951 2567 2031 2602 astu
2042 2564 2208 2617 praeterea
2216 2569 2340 2607 Deum

1303 2615 1404 2654 suum
1417 2627 1515 2654 amat
1532 2630 1575 2653 ex
1589 2628 1671 2653 toto
1692 2617 1800 2652 corde
1817 2616 1880 2653 suo
1896 2619 2029 2669 ipsique
2049 2619 2210 2658 adhaeret.
2242 2622 2339 2659 Talis

1302 2672 1429 2718 justitia
1441 2683 1514 2707 erat
1523 2684 1561 2707 m
1578 2670 1730 2708 Adamo.
1758 2668 1841 2708 Nec
1852 2671 2041 2711 ridiculum
2059 2677 2108 2713 est
2120 2700 2129 2715 ‚
2151 2675 2248 2727 quod
2265 2677 2340 2715 vult

1301 2737 1443 2778 argutus
1459 2725 1518 2762 ille
1535 2724 1744 2776 disputator,
1762 2723 1786 2761 fi
1799 2728 1874 2776 quis
1885 2726 2020 2766 dicatur
2030 2731 2132 2777 justus
2147 2755 2155 2771 2
2175 2734 2235 2783 qui
2256 2745 2333 2769 non

1299 2782 1468 2833 peccavit,
1480 2780 1540 2817 etfi
1557 2783 1656 2821 enim
1671 2792 1784 2816 nemo
1795 2794 1921 2831 peccet
1931 2807 1939 2823 ,
1960 2796 1999 2821 ut
2013 2784 2071 2822 ille
2082 2785 2337 2838 loquitur,ante

1300 2848 1406 2888 quam
1419 2847 1544 2887 peccet
1554 2851 1563 2877 ς
1574 2835 1634 2872 ille
1650 2833 1744 2873 certe
1756 2838 1816 2887 qui
1827 2850 1972 2888 peccare
1984 2841 2101 2891 potest
2118 2846 2152 2879 &
2161 2855 2237 2879 non
2252 2855 2336 2894 pec-

1303 2904 1380 2929 care
1393 2902 1474 2928 ante
1487 2904 1595 2942 quam
1608 2902 1744 2942 peccet>
1758 2893 1862 2940 justus·
1879 2894 1938 2930 est.
2283 2912 2289 2921 1

1353 2947 1481 2998 Pergit.
1512 2951 1570 2982 At
1587 2948 1680 2983 enim
1701 2946 1846 2998 (inquit)
1866 2948 1998 2989 dicent,
2010 2954 2145 3000 peccati
2155 2963 2277 2989 nomen
2295 2952 2335 2987 in

1296 2999 1458 3052 proposita
1470 3001 1642 3052 quastione
1652 3015 1719 3038 non
1729 3016 1827 3040 omne
1838 3012 2020 3052 peccatum
2030 3006 2109 3055 ,sed
2116 3016 2331 3043 tantummo-

1303 3057 1344 3093 do
1355 3057 1516 3093 delicium
1534 3056 1632 3096 illud,
1645 3069 1686 3092 ex
1695 3059 1813 3094 vetita
1823 3058 1942 3096 arbore
1958 3057 2332 3110 comedendistgnifica-

1303 3109 1400 3158 ra&
1412 3113 1598 3151 Adamum
1608 3111 1732 3151 idcirco
1740 3123 1822 3152 ante
1833 3113 2091 3153 illuddelsaum
2101 3114 2231 3163 justum
2241 3113 2332 3164 fuis-
2380 3113 2384 3116 ’

2279 3167 2330 3219 se·
