2411 3348
203 99 247 141 18
760 104 766 110 ‘
881 87 900 132 Ῑ
934 101 963 131 N

200 170 358 206 dentem.
388 165 443 205 Ad
459 178 534 217 quae
548 161 742 217 Gregorius
759 172 812 206 27.
825 160 970 213 cap.lib.
981 173 1013 203 9.
1025 159 1230 200 Moralium,

171 252 174 256 .
199 219 459 275 appositissime,
471 221 515 258 sic
532 218 743 270 loquentem
752 212 854 254 fuisse
865 214 1108 254 introductum
1117 214 1137 252 a
1148 215 1232 255 Mo-

199 278 232 316 se
249 268 381 316 Deum,
396 275 564 313 Videlicet,
577 275 663 325 quia
674 271 851 309 rationalis
868 282 1001 308 natura
1012 269 1231 309 condebat-ur,

154 367 159 369 .
199 344 240 370 ut
257 346 329 384 qua
342 347 353 369 ι
364 344 444 368 cum
455 327 582 377 consilio
591 326 689 376 faffia
700 326 895 366 videretur,
907 323 1007 378 quasi
1008 333 1070 375 per
1074 324 1234 373 studium

170 376 171 380 Ἰ
198 388 238 425 de
255 398 350 424 terra
357 385 564 435 plasmatur,
579 380 625 426 ἄν
634 382 853 432 inspiratione
866 382 1098 420 conditorium
1111 382 1233 417 virtu-

197 453 230 479 te
233 443 379 492 spiritm
395 438 518 475 vitalis
535 439 704 486 erigitur.-
731 447 772 473 ut
785 436 916 486 scilicet
933 449 1000 472 non
1010 443 1072 484 per
1087 432 1234 484 juffionbs

197 508 329 533 vocem,
334 493 397 541 sed
405 502 467 542 per
483 492 690 541 dignitatem
705 493 902 541 operationis
921 493 1079 527 existeret
1089 517 1096 528 ‚
1111 492 1174 541 qui
1187 489 1236 525 ad

197 549 374 586 conditoris
382 550 572 597 imaginem
582 545 702 594 fiebat.
735 548 823 584 Hccc
835 559 922 599 ergo
933 544 1067 583 faciunt
1077 545 1121 581 ad
1131 558 1231 581 com-

194 602 437 641 mendandam
466 601 624 639 hominis
647 601 881 654 praestantiam
905 600 1003 653 supra
1020 599 1168 651 reliquas
1193 613 1233 636 0-

194 671 301 695 mnes
313 669 495 701 creaturas,
509 657 552 694 de
570 656 695 708 quibus
706 657 809 694 antea
825 658 944 694 astum
954 655 1078 693 fuerat.
1088 654 1178 694 Non
1189 654 1233 691 ad

172 744 173 747 ,
193 713 438 751 insinuandam
454 714 491 749 in
509 714 604 752 Deo,
615 710 757 764 proprie
776 711 907 750 dietam
919 710 1230 749 deliberationem,
1275 713 1277 715 ’

194 773 227 805 ὃς
239 766 423 806 discursum
442 768 496 814 (ut
511 765 721 818 loquuntur)
731 781 772 804 ac
784 767 810 804 fi
825 781 929 804 more
947 764 1128 819 opificum,
1141 763 1233 817 prius

193 823 253 875 ipsi
277 819 512 861 necessarium
533 817 654 860 fuisset
672 821 884 860 descendere
903 825 941 858 in
965 822 1173 866 confilium,
1194 831 1233 856 ut

191 873 365 931 perpensis
384 876 552 915 omnibus
571 876 766 915 rationibus
784 902 793 918 ,
814 877 859 914 de
877 876 1069 914 condendo
1082 875 1154 912 hoc
1170 874 1231 912 suo

193 946 302 985 opere
314 932 500 970 decretum
514 930 657 971 faceret.
685 933 753 970 Sed
771 933 893 969 nostro
913 933 1030 983 captui
1046 929 1080 967 se
1098 941 1229 967 artem-

192 999 291 1040 perat
307 986 488 1039 scriptura,
501 987 845 1026 &deliberat—ionem
861 989 945 1024 Deo
963 984 1085 1022 tribuit
1095 998 1158 1035 per
1176 989 1230 1021 0⁵:11-

191 1040 438 1093 9pwm—tm‘edew,
454 1055 562 1094 quam
579 1041 720 1094 proprie
735 1043 761 1079 fi
775 1041 1017 1092 intelligamus
1029 1064 1037 1080 ,
1049 1053 1125 1076 non
1144 1051 1231 1075 con-

192 1099 376 1135 venienter
395 1097 438 1134 de
455 1100 539 1134 Deo
556 1096 760 1134 sentiemus.

243 1151 311 1188 Sed
327 1153 549 1205 praecipuumv
561 1150 659 1203 quod
684 1150 742 1188 hic
760 1152 923 1202 quaeritur
948 1148 1034 1187 illud
1053 1148 1102 1185 est
1120 1173 1128 1189 ,
1155 1151 1231 1187 Cur

193 1206 311 1244 Moses
321 1206 524 1245 introducat
536 1208 659 1243 Deum
676 1206 714 1242 in
736 1205 859 1257 plurali
872 1217 1026 1242 numero
1045 1203 1229 1254 dicentem

193 1271 272 1301 073
288 1269 388 1308 ἥψω
406 1258 541 1310 naaffeh
558 1261 700 1299 Adam,
705 1259 886 1310 faciamus
903 1259 1086 1297 hominem.
1106 1261 1230 1296 Deum

192 1315 292 1351 enim
304 1311 460 1352 eundem
473 1315 584 1367 loqui,
597 1318 657 1366 qui
675 1314 810 1351 dixerat
818 1314 889 1362 fiat
907 1315 980 1354 lux,
994 1327 1106 1351 nemo
1118 1316 1156 1349 in
1165 1311 1229 1361 glu-

191 1367 293 1405 bium
307 1381 420 1407 vocat.
435 1372 515 1407 Hac
526 1382 648 1407 autem
659 1370 832 1421 loquendi
843 1368 960 1407 forma
971 1369 1057 1406 alios
1069 1368 1232 1419 compel:

191 1419 274 1460 laffe
288 1424 424 1461 videtur
433 1448 442 1464 ,
463 1426 524 1476 qui
541 1424 661 1462 secum
671 1424 855 1461 innobilis
871 1424 961 1462 illius
974 1435 1140 1462 creaturae
1152 1422 1227 1459 for-

191 1481 352 1515 matione
373 1491 611 1530 operarentur.
641 1481 750 1517 Hunc
770 1480 910 1517 nodum
927 1479 1060 1516 solvere
1077 1478 1109 1515 se
1127 1473 1227 1530 posse

189 1545 316 1585 putant
327 1531 515 1575 facillime,
529 1537 608 1586 qui,
621 1533 665 1571 ad
677 1534 840 1587 regulam
850 1534 949 1571 illam
968 1535 1226 1587 grammatico-

190 1601 271 1625 rum
288 1600 487 1630 recurrunt,
507 1603 616 1642 quam
636 1603 679 1626 ex
706 1589 891 1627 Cevalerio
915 1592 1001 1632 citat
1025 1589 1225 1636 Enjedinus3

194 1638 278 1695 Qa
297 1642 502 1692 dignitatem
520 1643 720 1694 fignificant
737 1644 925 1694 pluraliter
943 1644 1158 1694 usurpantur
1182 1642 1231 1678 ad

189 1698 388 1747 ampliorem
408 1699 576 1736 hon-orem.
602 1701 711 1748 Cujus
730 1702 781 1736 rei
802 1699 967 1749 exempla
987 1700 1097 1734 etiam
1110 1696 1228 1733 attuli-

190 1765 269 1789 mus
281 1752 388 1804 supra,
403 1767 446 1790 ex
457 1753 573 1805 Josuae
584 1754 925 1802 24.V.20.Diisam{¹i
939 1751 1224 1802 z'pse.Esai.19.v.4.

189 1810 227 1843 in
242 1821 363 1847 manu,
375 1808 592 1845 dominorum
605 1809 698 1845 duri.
719 1811 759 1844 In
771 1808 843 1845 aliis
856 1809 965 1844 etiam
978 1807 1106 1858 linguis
1115 1806 1151 1841 id
1162 1806 1226 1843 ufi-

190 1874 305 1900 tatum
317 1858 387 1899 esse
398 1863 538 1904 dicunt,
552 1868 584 1900 ὃς
595 1865 706 1900 citant
716 1862 931 1899 Scholiasten
943 1860 1126 1912 Sophoclis
1139 1884 1146 1899 7
1168 1862 1227 1910 qui

190 1915 279 1965 3⁸an
296 1920 371 1962 σφὶν
382 1945 391 1958 ,
410 1930 476 1967 pro
490 1915 579 1963 δὲνοη
594 1916 687 1954 οων-εἷ
698 1915 842 1967 scripfit,
863 1921 896 1953 &
914 1916 1050 1952 addidit
1062 1913 1227 1965 scriptum

190 1966 263 2013 effe
272 1975 318 2021 23)
328 1970 429 2019 τιμία)
442 1970 654 2018 πληθυνῖικῶς
664 1999 672 2011 ,
688 1970 726 2007 id
737 1971 797 2010 est,
808 1981 953 2022 propter
964 1969 1157 2007 honorem,
1171 1967 1227 2004 seu

190 2026 418 2077 dignitatem,
432 2025 621 2076 pluraliter.
632 2024 698 2062 Sed
710 2024 783 2062 haec
795 2027 919 2062 omnia
930 2023 1093 2074 exempla
1103 2022 1226 2060 dicun—

191 2092 246 2117 tur
258 2079 301 2116 de
314 2079 384 2116 alio
400 2081 437 2116 in
450 2082 552 2117 tertia
561 2078 719 2131 persona.
741 2084 787 2118 At
798 2091 834 2116 1n
846 2079 917 2116 hoc
928 2079 1101 2118 nostro,in
1112 2080 1226 2129 prima

188 2134 336 2186 persona
352 2133 509 2185 loquitur
520 2137 626 2172 Deus.
652 2133 766 2187 Qd
780 2133 842 2170 etii
854 2134 1018 2172 usitatum
1027 2133 1067 2170 fit
1076 2133 1168 2184 apud
1177 2133 1226 2170 la—

190 2192 295 2229 tinos,
307 2201 346 2227 ut
355 2189 398 2225 de
409 2203 482 2226 uno
500 2187 575 2225 solo
586 2202 754 2226 numerus
772 2191 899 2226 utervis
915 2186 1104 2240 usurpetur,
1117 2191 1226 2225 etiarn

189 2245 234 2282 ab
245 2258 290 2282 eo
300 2247 361 2296 qui
370 2243 538 2295 loquitur,
551 2244 694 2295 quaestio
708 2245 754 2281 est
772 2258 816 2281 an
825 2245 863 2280 in
874 2243 1053 2281 Ebraismo
1064 2243 1101 2281 id
1111 2244 1226 2282 fit,aut

188 2298 345 2343 fueritin
361 2297 420 2335 usu
432 2323 440 2339 ‚
453 2311 491 2336 ut
504 2313 591 2336 unus
599 2299 722 2351 aliquis
734 2298 778 2336 de
788 2298 822 2335 se
833 2298 909 2335 solo
920 2298 1082 2350 loquens,
1097 2312 1224 2336 nume-

189 2367 269 2392 rum
285 2351 458 2405 pluralem
476 2353 672 2405 usurparet?
684 2392 686 2394 ,

243 2408 506 2449 Theodoretus,
519 2406 693 2460 quae'stao.
703 2409 741 2444 in
754 2407 1005 2448 Genefim,hac
1021 2410 1159 2446 ratione
1170 2422 1225 2446 re-

189 2462 280 2502 fellit
297 2476 358 2500 eos
372 2465 433 2514 qui
444 2462 505 2501 suo
518 2475 683 2514 tempore
702 2462 829 2500 eadem
848 2466 1060 2515 exceptione
1073 2463 1224 2501 uteban-

190 2531 263 2556 tur:
278 2520 363 2570 quia-
375 2518 400 2555 fi
411 2527 515 2555 more
528 2529 741 2570 magnatum
757 2520 856 2554 Deus
867 2518 1035 2570 loquutus
1051 2515 1169 2556 fuiffet
1180 2519 1224 2556 de

133 2603 137 2606 ,
188 2572 221 2610 se
238 2572 314 2610 solo
323 2572 512 2625 pluraliter,
524 2568 746 2625 oportuisset,
757 2575 880 2609 Deum
895 2572 993 2625 loqui
1012 2574 1056 2610 de
1065 2573 1098 2611 se
1112 2574 1225 2626 plura—

188 2628 269 2665 liter
285 2628 340 2664 vel
354 2627 501 2681 semper,
512 2628 616 2666 velut
625 2628 839 2680 plurimum5
851 2626 1009 2665 maxime
1026 2629 1086 2666 ubi
1099 2632 1134 2665 in
1146 2631 1225 2666 Sina

164 2712 167 2715 »
188 2683 310 2736 legem
330 2682 427 2721 dedit
441 2683 581 2735 Judaeis,
593 2682 678 2727 tunc
694 2685 792 2720 enim
806 2685 1021 2720 conveniens
1031 2679 1158 2724 suiffet,
1170 2696 1223 2721 ta—

187 2737 228 2774 lis
240 2737 412 2788 loquendi
430 2736 558 2777 forma,
571 2753 628 2776 nos
644 2738 866 2778 mandamus,
878 2739 1092 2776 decernimus
1103 2744 1167 2775 &o
1179 2743 1225 2776 At

188 2793 258 2829 hoc
274 2805 349 2830 non
365 2791 499 2831 factum
513 2795 578 2835 est,
598 2792 657 2830 sed
668 2793 888 2845 singulariter
904 2805 1043 2831 tantum
1061 2793 1111 2830 ibi
1130 2793 1173 2830 de
1191 2793 1224 2830 se

188 2848 354 2899 loquutus
371 2849 442 2899 esti
456 2850 493 2885 in
505 2852 604 2885 Sacra
619 2850 791 2900 Scriptura
810 2850 996 2900 quinquies
1015 2848 1145 2901 legitur
1159 2862 1223 2885 nu-

188 2916 330 2940 merum
346 2903 518 2955 pluralem
533 2904 577 2941 de
594 2903 626 2941 se
639 2898 820 2956 usurpasse.
850 2906 941 2944 Hic;
960 2909 993 2940 E<
1003 2917 1075 2956 cap.
1086 2917 1115 2940 2.
1135 2917 1164 2940 v.
1177 2908 1223 2939 18.

182 2957 361 3007 faciamm
372 2959 456 2995 Ada
466 2959 693 3004 adjutorium.
715 2964 747 2996 &
761 2973 833 3011 cap.
845 2972 871 3005 3.
890 2957 972 2996 vers
986 2973 1038 2996 22.
1065 2964 1151 2995 Ecce
1167 2963 1222 2994 A-

188 3012 270 3048 dam
288 3012 386 3062 quast
395 3027 487 3051 unm
503 3027 544 3050 ex
555 3013 647 3051 nobis
655 3014 773 3064 facim
783 3017 831 3051 esi
849 3030 856 3055 3
885 3020 917 3052 ὃ(
937 3028 1009 3067 cap.
1025 3027 1068 3051 11.
1087 3012 1168 3051 vers
1190 3028 1222 3058 7.

191 3069 309 3102 Venite
326 3068 567 3115 defi-endamm
588 3067 632 3114 ὢ·
652 3069 906 3120 confundamus
926 3069 975 3106 ibi
994 3070 1153 3119 linguam
1173 3083 1221 3105 eo-

190 3134 280 3158 rum.
309 3125 342 3158 δε
362 3136 436 3174 cap.
453 3123 535 3161 Esai.
555 3138 579 3170 5.
602 3123 683 3162 vers
701 3130 730 3163 8.
751 3125 901 3163 Audivi
918 3138 1039 3164 vocem
1063 3126 1218 3166 Domini,

1038 88 1223 133 CAx’.
1270 87 1302 130 1.

1375 88 1414 130 G
1451 99 1474 129 E
1504 99 1534 130 N
1574 100 1598 130 a
1634 101 1670 131 s.

1296 160 1437 197 dicentis
1461 186 1470 200 ,
1500 173 1603 211 quem
1622 162 1767 197 mittam
1792 185 1802 201 ,
1837 160 1882 207 &a
1905 156 1981 215 quis
1997 159 2064 198 ibit
2082 160 2174 200 nobis
2189 171 2204 200 ,θ

1352 215 1567 267 Qnetiam
1578 214 1778 253 observatur
1789 216 1834 254 ab
1852 219 1891 254 iis
1904 219 1963 270 qui
1981 216 2171 270 diligenter
2190 221 2333 274 inquisi-

1296 282 1432 317 verunt,
1445 270 1587 309 nullum
1596 271 1805 323 exemplum
1816 274 1948 321 in‘toto
1969 275 2079 309 veteri
2098 274 2334 314 Testamento

1295 323 1418 362 haberi
1428 326 1465 361 in
1482 324 1555 362 ullo
1567 324 1716 364 homine
1734 330 1892 378 quamvis
1905 326 2202 370 ambitiofiffimo,
2213 331 2250 367 in
2261 345 2335 383 quo

1296 377 1339 416 de
1351 378 1384 417 se
1398 379 1473 431 ipso
1485 380 1608 432 plurali
1619 394 1772 419 numero
1784 382 1949 435 loquutus
1960 383 2019 420 fit:
2032 380 2165 435 ⁷Qm
2176 384 2334 423 observa-
2346 381 2350 390 x

1296 435 1437 472 tionem
1455 433 1643 473 confirmat
1655 436 1861 476 Aben-Ezra
1870 438 2022 492 Judaeus,
2036 436 2185 474 scribens
2194 441 2231 476 in
2238 439 2335 478 hunc

1294 488 1407 540 ipsum
1427 490 1560 528 locum.
1590 492 1633 528 Et
1645 490 1690 528 ab
1705 491 1777 529 aliis
1788 494 1920 546 Judaeis·
1934 495 2094 546 agnitam
2109 488 2209 531 finffe
2230 495 2267 532 id
2283 507 2335 533 te-

1294 545 1514 599 statur,quod
1531 558 1657 583 eorum
1671 546 1830 599 plerique
1841 549 2035 597 judicantes
2044 547 2194 585 verbum
2209 549 2281 587 hoc
2291 551 2334 588 de

1294 599 1449 650 pluribus
1467 600 1535 637 dici
1547 624 1555 640 ,
1571 603 1608 638 in
1622 603 1671 638 'eo
1681 602 1821 640 tantum
1834 603 2039 640 laborarunt
2056 605 2203 654 quinam
2220 600 2335 643 essent

1294 656 1348 692 isti
1367 655 1491 706 plures,
1503 669 1588 693 cum
1599 656 1726 708 quibus
1743 660 1839 696 Deus
1849 658 1988 694 sermon
1995 670 2055 696 em
2066 671 2134 693 con
2140 658 2229 695 tulit.

1348 713 1593 748 Communior
1604 711 1814 763 Judaeorum
1832 713 1956 763 opinio
1969 708 2054 750 fuit,
2073 713 2196 749 Deu'm
2212 718 2334 766 Ange-

1293 763 1346 801 los
1357 765 1582 818 alloquutum
1593 762 1708 806 fuisse,
1726 763 1856 817 eosque
1870 765 2069 803 inhomine
2084 767 2236 805 creando
2248 782 2333 820 ope-

1294 832 1370 856 ram
1384 817 1521 866 navaffe
1543 823 1646 865 Deo:
1667 834 1774 872 quam
1793 820 2005 859 sententiam
2025 819 2126 858 Philo
2138 822 2279 875 Judaeus
2295 836 2332 862 m

1293 873 1386 912 libro
1405 876 1448 912 de
1465 873 1611 927 opificio
1620 874 1678 913 sex
1694 875 1832 912 dierum
1843 876 2033 928 approbat,
2047 880 2079 912 &
2095 875 2137 912 in
2148 876 2241 914 libro
2260 878 2334 919 a&

1294 925 1516 980 φυράὲέψνμή
1527 929 1653 982 quibus
1671 931 1829 977 animam
1847 931 1994 983 quidem
2005 929 2161 968 hominis
2178 934 2348 969 rationam

1292 982 1366 1020 lem
1383 984 1493 1021 &Deo
1510 996 1666 1022 creatam
1681 980 1784 1022 fuiffe
1799 986 1967 1023 concedit
1977 1013 1984 1026 ,
2007 984 2065 1022 sed
2078 999 2203 1037 corpus
2213 991 2246 1023 &
2255 1000 2333 1038 par-

1293 1049 1345 1074 tes
1362 1041 1489 1076 anima:
1499 1050 1730 1092 vegetantem
1742 1039 1999 1078 &sentientem
2009 1065 2017 1079 ,
2035 1039 2079 1076 ab
2092 1040 2238 1094 Angelis
2248 1039 2331 1079 fuis-

1291 1091 1324 1129 se
1341 1092 1547 1132 efformatas
1558 1094 1762 1135 contendit;
1775 1109 1852 1147 quae
1862 1110 1904 1133 ex
1916 1094 2139 1146 Philosophia
2151 1095 2199 1133 sui
2216 1095 2332 1134 Plato-

1291 1149 1343 1184 nis
1354 1147 1482 1190 haufit,
1498 1151 1558 1201 qui
1569 1150 1694 1186 fimilia
1709 1149 1819 1187 habet
1836 1152 1871 1187 in
1891 1153 2045 1186 Timaeo.
2076 1149 2217 1188 Inducit
2232 1154 2331 1188 enim

1290 1205 1412 1241 Deum
1424 1228 1432 1244 ,
1450 1205 1528 1256 post
1539 1216 1695 1241 creatam
1712 1203 1868 1242 hominis
1886 1216 2052 1241 mentem
2067 1229 2074 1245 ,
2097 1219 2181 1243 cum
2198 1205 2262 1243 diis
2278 1206 2329 1244 se-

1292 1258 1425 1299 cundis,
1436 1260 1473 1296 id
1485 1260 1544 1299 est,
1560 1259 1705 1313 Angelis
1718 1259 1943 1311 loquentem,
1957 1259 2072 1312 eisque
2081 1259 2328 1303 mandantem,

1291 1325 1330 1350 ut
1338 1313 1494 1351 hominis
1504 1328 1628 1366 corpus
1638 1313 1808 1351 forment.
1838 1317 1943 1353 Hanc
1958 1314 2172 1352 sententiam
2189 1315 2331 1364 Enjedi-

1270 1382 1352 1405 *nus
1364 1393 1372 1408 ‚
1391 1369 1461 1406 hoc
1479 1380 1694 1422 argumento
1712 1367 1852 1407 firmare
1871 1382 2038 1411 conatur,
2051 1369 2148 1421 quod
2159 1371 2331 1422 Scriptura
2362 1387 2366 1388 ⁷

1289 1426 1389 1460 Sacra
1401 1438 1583 1476 nunquam
1593 1427 1716 1461 Deum
1732 1423 1927 1462 solitarium
1936 1423 2052 1464 faciat,
2063 1424 2120 1461 sed
2130 1423 2271 1477 semper
2279 1425 2330 1462 illi

1289 1480 1504 1531 apparitores
1522 1484 1555 1516 ὃ(
1569 1481 1714 1531 agmina
1730 1480 1955 1533 Angelorum
1966 1479 2144 1519 attribuat,
2158 1492 2196 1517 ut
2214 1494 2258 1517 ex
2278 1482 2335 1516 vi-'

1289 1533 1443 1571 iionibus
1462 1533 1717 1586 Prophetarum
1730 1547 1848 1586 patet:
1867 1548 1910 1572 ex
1928 1533 2052 1571 iisdem
2065 1536 2175 1572 etiam
2186 1535 2329 1572 vifioni-

1289 1588 1353 1625 bus
1371 1589 1522 1641 probare
1535 1601 1702 1629 conatur,
1717 1592 1841 1626 Deum
1857 1602 1893 1626 in
1914 1588 2214 1627 consultationem
2231 1588 2329 1627 adhi-

1289 1642 1374 1680 bere
1393 1656 1564 1681 creaturas
1576 1668 1584 1684 ‚
1604 1658 1688 1681 nam
1708 1644 1769 1681 etfi
1786 1647 1883 1684 Deus
1898 1644 2024 1682 nullius
2044 1644 2190 1682 consilio
2209 1655 2325 1698 egeat,

1289 1711 1356 1734 nec
1374 1697 1513 1749 proprie
1535 1698 1709 1735 consultet
1724 1723 1731 1738 ‚
1746 1698 1931 1750 Prophetae
1950 1711 2072 1735 tamen
2086 1712 2170 1736 eum
2188 1697 2328 1736 consul-

1290 1764 1429 1789 tantem
1455 1766 1537 1789 cum
1556 1756 1718 1790 creaturis
1736 1752 1984 1805 repraesentant
2000 1768 2015 1800 3
2037 1755 2130 1807 Reg.
2149 1768 2201 1791 22.
2220 1753 2278 1791 Isa.
2298 1763 2327 1791 6.

1289 1806 1373 1858 Job.
1386 1821 1409 1843 1.
1428 1812 1493 1844 &c.
1526 1804 1678 1845 extitisse
1699 1820 1821 1844 autem
1845 1809 2005 1860 Angelos
2024 1821 2107 1845 cum
2125 1806 2328 1845 Adameor-

1288 1873 1456 1900 maretur,
1469 1861 1676 1911 sequentem
1690 1862 1798 1909 Mosis
1811 1862 2006 1898 Historiam
2017 1861 2157 1898 docere.
2173 1858 2330 1899 Potuisse

1290 1927 1378 1966 ergo
1390 1915 1469 1951 illos
1481 1917 1575 1954 Deo,
1589 1915 1633 1951 de
1645 1914 1838 1951 condendo
1855 1914 2005 1952 homine
2021 1915 2231 1953 consultanti
2249 1915 2326 1954 affi-

1288 1969 1388 2008 stere,
1401 1974 1433 2005 δε
1443 1972 1566 2006 Deum
1578 1968 1698 2005 coram
1712 1968 1778 2006 illis
1789 1968 1863 2006 haec
1874 1965 2068 2020 protulisse.
2098 1972 2185 2008 Haec
2196 1970 2268 2009 ille.

1339 2023 1405 2060 Sed
1423 2023 1509 2060 nihil
1521 2023 1564 2060 ad
1576 2037 1663 2060 rem.
1682 2023 1772 2062 Non
1785 2025 1883 2061 enim
1896 2026 2071 2074 quaeritur,
2084 2039 2129 2062 an
2142 2037 2219 2063 tum
2229 2029 2327 2064 Deus

1286 2078 1428 2129 stipatus
1448 2076 1555 2115 fuerit
1575 2078 1789 2132 angelorum
1815 2080 2044 2117 multitudine
2064 2104 2072 2119 ,
2100 2094 2143 2117 an
2168 2083 2331 2132 potuerit
2377 2104 2385 2113 ὁ

1287 2146 1371 2170 cum
1388 2132 1486 2169 servis
1506 2133 1570 2170 suis
1587 2131 1778 2185 aliquando
1798 2131 1854 2170 sua
1874 2137 2144 2172 communicare
2170 2135 2322 2176 confilia,

1287 2193 1320 2225 &
1337 2186 1356 2224 a
1371 2190 1477 2225 Sacris
1496 2187 1737 2240 scriptoribus,
1761 2201 1932 2240 tanquam
1953 2203 2035 2227 cum
2054 2191 2217 2227 creaturis
2238 2203 2324 2228 con-

1285 2242 1410 2281 sultans
1421 2243 1610 2281 introduci.
1640 2244 1679 2281 Id
1698 2246 1796 2282 enim
1817 2257 1915 2282 extra
1931 2246 2207 2283 controversiam
2217 2247 2324 2297 poni-

1286 2312 1374 2335 mus.
1408 2299 1520 2352 Qd
1533 2302 1695 2351 quaeritur
1711 2299 1782 2337 hoc
1795 2302 1844 2338 est
1857 2324 1865 2339 ,
1880 2305 1934 2338 An
1946 2302 2042 2337 Deus
2059 2301 2098 2336 in
2116 2299 2324 2343 societatem

1286 2356 1474 2391 creationis
1483 2353 1613 2406 aliquas
1625 2366 1796 2392 creaturas
1808 2357 2034 2394 vocaverint&
2048 2356 2235 2402 creationis
2245 2368 2327 2406 par—

1284 2410 1407 2461 ticipes
1419 2407 1564 2447 fecerit?
1589 2409 1628 2446 Id
1644 2410 1729 2447 vidit
1745 2410 1815 2462 ipse
1827 2408 2029 2458 Enjedinus,
2040 2413 2073 2447 <Sc
2086 2409 2164 2461 post
2173 2410 2325 2447 inaniter

1283 2462 1421 2516 profusa
1433 2463 1559 2506 verba,
1580 2479 1664 2503 cum
1677 2465 1885 2519 agnosceret
1900 2464 1971 2501 hoc
1992 2464 2102 2501 verbo
2121 2469 2155 2501 ὃ(
2173 2475 2251 2501 tota
2266 2464 2323 2501 lo-

1285 2519 1417 2571 quendi
1432 2522 1583 2561 ratione,
1597 2521 1622 2558 fi
1633 2521 1782 2558 verbum
1800 2519 1978 2573 pluraliter
1991 2521 2196 2571 accipiatur,
2210 2519 2247 2555 id
2258 2518 2321 2556 ab-

1284 2574 1424 2613 surdum
1436 2574 1543 2627 sequi,
1555 2577 1599 2613 ad
1610 2576 1692 2613 alias
1709 2589 1799 2613 artes
1811 2575 1844 2612 se
1856 2577 2048 2613 convertit,
2060 2585 2099 2610 ut
2115 2575 2269 2624 primam
2278 2573 2322 2609 il—

1283 2630 1357 2667 lam
1375 2632 1588 2682 opinionem
1600 2655 1608 2669 ,
1628 2631 1673 2666 de
1684 2630 1794 2667 verbo
1811 2629 1934 2681 plurali
1948 2628 2165 2680 singulariter
2181 2625 2322 2680 sumpto

1284 2684 1463 2723 stabiliret.
2244 2698 2245 2701 ¹

1335 2740 1448 2776 Recte*
1465 2750 1586 2777 autem
1598 2750 1733 2776 veteres
1744 2738 1844 2777 olim,
1857 2739 2056 2786 rejecerunt
2065 2748 2234 2789 tanquam
2243 2750 2322 2775 rem

1283 2792 1561 2832 absurdissimam
1579 2794 1791 2846 opinionem
1810 2817 1818 2832 ,
1839 2805 1917 2844 quae
1935 2792 2093 2846 Angelos
2110 2794 2147 2829 in
2164 2792 2322 2830 hominis

1285 2848 1429 2902 opificio
1446 2851 1530 2886 Deo
1549 2848 1777 2896 coadjutores,
1788 2847 1896 2888 addit,
1909 2848 2016 2900 idque
2029 2850 2249 2901 argumentis
2264 2861 2321 2884 va—

1282 2903 1452 2942 lidiffimis
1463 2928 1471 2944 ,
1484 2917 1506 2941 1.
1526 2905 1607 2956 quia
1619 2912 1703 2941 cum
1719 2916 1821 2940 mens
1832 2901 1990 2940 hominis
2006 2903 2046 2940 fit
2061 2906 2274 2955 incorporea
2284 2906 2319 2938 Sc

1282 2959 1513 3000 immortalis,
1533 2954 1728 2997 necessario
1746 2972 1789 2995 ex
1800 2957 1913 2994 nihilo
1930 2957 1998 2995 fuit
2017 2970 2142 2996 creata.
2173 2957 2318 2996 Creatio

1283 3027 1405 3052 autem
1416 3014 1558 3063 alicujus
1574 3017 1625 3052 rei
1638 3028 1681 3052 ex
1692 3012 1823 3054 nihilo,
1837 3027 1920 3050 cum
1933 3014 1973 3051 fit
1987 3027 2074 3066 opus
2087 3011 2232 3049 infinitae
2247 3025 2318 3063 po-

1283 3071 1421 3110 tentiae,
1440 3069 1543 3107 solius
1560 3072 1629 3107 Dei
1646 3071 1787 3121 propria
1802 3069 1860 3106 est.
1881 3069 1946 3112 ,Ad
1961 3068 2220 3107 formationem
2233 3079 2317 3103 vero

1282 3127 1438 3177 corporis
1462 3125 1671 3164 administris
1688 3124 1832 3178 Angelis
1857 3122 1953 3162 usum
1977 3119 2078 3161 fuisse
2101 3125 2222 3159 Deum
2247 3120 2319 3157 dici

2241 3189 2317 3213 [101]
