2411 3348
236 106 321 153 910

216 177 307 207 rant,
319 175 366 202 ne
376 167 425 202 Be
432 159 581 210 njamim
610 159 672 211 qui
683 160 820 213 parenti
831 173 906 200 erat
916 159 1157 211 dileetiffimus
1169 166 1201 200 &
1214 161 1269 198 in-

221 233 359 259 nocens
370 218 404 254 id
415 216 605 269 detegeret
618 217 714 266 quod
727 216 894 255 audierat.
916 213 985 256 Ne
1006 214 1127 268 posted
1154 219 1265 255 etiarn

221 269 518 326 ipseJoiephusin
537 270 706 321 AEgypto
719 269 853 310 factum
868 282 1047 312 narraret,
1069 271 1167 323 quod
1186 284 1262 308 non

223 328 423 366 dubitarem
433 323 478 362 ab
488 337 534 362 eo
544 318 648 362 fuisse
659 325 871 378 expofitum,
880 324 936 364 sed
946 338 1028 364 cum
1041 339 1087 365 eo
1098 326 1264 363 modera-

223 383 411 431 mine‚quo
422 378 495 417 usus
504 378 554 417 est
563 377 657 429 apud
664 378 789 418 fratres
801 380 889 420 suos,
919 380 1039 418 addita
1049 382 1159 423 etiam
1170 379 1263 431 apud

224 431 669 490 parenteminterceffione
681 460 691 475 ,
716 449 761 473 ne
778 435 967 488 propterea
988 436 1067 487 ipsis
1078 433 1263 473 succense-

224 501 290 529 ret.
310 489 411 527 Nam
421 489 444 527 fi
455 501 530 526 non
540 485 766 538 credidissent
775 491 811 528 id
823 487 953 536 veniiIe
963 491 1007 527 ad
1018 492 1186 527 notitiam
1201 501 1262 538 pa-

226 548 297 586 tris,
321 555 438 596 neque
447 543 484 580 id
492 544 662 597 ignotum
672 540 743 582 effe
753 544 912 598 Josepho
923 571 932 584 ‚
953 558 1028 581 non
1039 544 1107 582 anfi
1119 538 1263 581 fuiffe'nt

227 601 296 637 hoc
307 597 516 636 mandatum
527 600 630 650 patris
638 612 840 650 praetexere.
873 599 986 652 Qd
996 611 1119 636 autem
1130 596 1259 651 Jacob,

228 655 287 706 qui
300 653 453 691 aliorum
475 654 666 691 criminum
689 666 842 705 quorum
851 657 901 691 rei
923 665 1022 691 erant
1040 652 1172 692 Ruben
1186 677 1193 692 ‚
1215 653 1264 688 Si-

228 713 392 749 meom&
403 709 497 748 Levi,
508 709 684 745 rationem
695 706 830 748 habuit,
851 708 938 746 dum
948 710 1056 747 cosin
1069 708 1195 745 ultima
1209 706 1266 744 sua

229 762 416 817 prophetia.
432 762 666 815 compellaret
683 762 835 803 3durum
855 763 942 800 nihil
959 764 1209 814 pronunciavit
1227 763 1264 797 in

233 810 375 870 Ioseph'i
386 812 762 856 venditores‚accidiffe
775 815 875 868 puto,
889 829 965 854 tum
978 818 1060 868 quia
1070 816 1265 868 hocpetie-

229 864 284 911 iat
293 871 423 925 Joseph
441 877 475 909 ὃς
490 869 632 907 videbat
649 872 774 908 onmia
789 866 926 908 *cessisse
947 873 984 907 in
1004 870 1165 912 bonum5
1186 882 1265 908 tum

232 928 314 980 quia
325 923 416 979 pene
428 937 554 962 omnes
571 936 672 961 erant
691 927 728 962 in
750 925 870 977 culpa,
894 930 928 963 ὃ(
946 925 1061 963 solent
1075 925 1210 974 judices
1228 936 1267 962 ut

232 983 426 1036 plurimum
435 991 574 1031 parcere
585 979 815 1018 multitudini.
841 980 1024 1032 Quicquid
1037 981 1088 1020 fit,
1102 978 1266 1017 *nullavi-

233 1038 336 1074 detur
346 1030 417 1072 esse
434 1033 541 1071 solida
554 1036 656 1074 ratio,
668 1049 729 1072 cur
738 1035 773 1072 id
784 1036 966 1087 Jacobum
979 1030 1114 1073 latuisse
1130 1034 1265 1072 debue-

234 1093 278 1128 rit
288 1114 301 1140 ,q
317 1102 400 1127 cum
410 1090 528 1140 potius
537 1087 734 1127 interfuerit
743 1101 781 1127 ut
790 1092 912 1143 agnita
922 1091 1030 1128 totius
1049 1091 1188 1142 negotii
1212 1089 1267 1126 di-

234 1143 453 1196 spensatione
464 1168 472 1184 ‚
497 1144 682 1182 miraretur
690 1145 1032 1196 Deiprovidentiam
1044 1171 1060 1184 ‚
1076 1143 1214 1195 ejusque
1232 1145 1270 1180 in

236 1200 327 1240 suos,
344 1210 418 1237 tam
427 1198 609 1252 indignos,
622 1198 817 1238 celebraret
828 1199 1115 1238 misericordiam.
1228 1244 1238 1247 ἢ

286 1254 354 1293 Sed
370 1268 413 1291 an
426 1250 562 1302 jusserit
573 1253 647 1292 hate
658 1255 764 1293 verba
780 1253 1001 1294 nominesuo
1020 1255 1090 1292 dici
1112 1252 1270 1307 Josepho

238 1310 317 1361 post
328 1309 471 1347 obitum
479 1307 578 1347 suum
588 1336 599 1350 ‚
621 1308 739 1348 fateor
749 1305 819 1348 effe
831 1322 1046 1364 argumenta
1059 1333 1067 1351 ,
1089 1322 1150 1347 cur
1158 1310 1195 1346 in
1205 1308 1271 1346 du-

239 1365 340 1403 bium
350 1362 455 1416 possit
465 1366 635 1402 revocari.
667 1365 841 1408 Primum,
863 1367 945 1417 quia
954 1365 1023 1402 hoc
1034 1364 1162 1416 polito,
1175 1363 1272 1415 quod

240 1433 316 1458 non
325 1421 543 1473 ignoraverit
559 1417 694 1457 fa&um
710 1420 796 1458 illud
805 1422 909 1458 initio
919 1420 1087 1457 adventus
1098 1417 1144 1456 sni
1162 1419 1197 1454 in
1209 1421 1274 1455 AE-

241 1485 395 1527 gyptum
407 1496 417 1515 ‚
440 1473 608 1512 credibile
619 1488 694 1511 non
707 1476 755 1513 est
766 1487 850 1512 eum
861 1470 935 1511 non
950 1471 1050 1511 fuisse
1064 1485 1201 1510 certum
1212 1486 1275 1509 vo-

240 1529 384 1568 luntatis
401 1533 434 1567 &
446 1529 556 1565 animi
568 1527 725 1581 Josephi,
738 1528 781 1567 de
792 1542 864 1580 quo
874 1530 897 1566 fi
908 1523 1112 1570 dubitasset,
1135 1540 1218 1565 cum
1228 1539 1274 1564 eo

243 1585 363 1637 potuit
372 1595 479 1636 agere
491 1582 600 1635 spatio
613 1582 870 1635 septemdecim
888 1594 1066 1620 annorum
1085 1595 1173 1632 quos
1192 1594 1278 1628 exe-

243 1640 299 1691 git
310 1640 346 1675 in
355 1639 534 1691 AEgypto.
565 1637 741 1679 Secundo,
766 1640 846 1690 quia
856 1638 967 1690 longa
977 1637 1193 1687 experientia
1203 1647 1277 1672 cer-

244 1705 298 1730 tus
308 1704 382 1730 erat
392 1693 436 1729 de
447 1691 593 1743 Josephi
603 1691 871 1730 mansuetudine
883 1698 916 1729 &
926 1692 1095 1729 charitate
1113 1703 1196 1743 erga
1208 1687 1276 1726 sra-

245 1760 315 1785 tres
330 1770 339 1787 ‚
368 1747 417 1783 ita
427 1745 570 1783 utnulla
579 1747 668 1783 ratio
679 1742 785 1785 esset,
811 1759 871 1784 cur
882 1749 933 1784 eis
944 1745 1073 1796 aliquid
1084 1746 1167 1781 mah
1178 1744 1222 1781 ab
1232 1757 1279 1780 eo

247 1813 436 1840 metueret.
469 1804 592 1852 Itaque
602 1800 788 1853 probabile
799 1802 848 1838 est
865 1814 928 1838 eos
946 1795 1156 1838 confinxisse
1168 1807 1280 1843 fiman-

243 1857 372 1901 *datum
381 1853 467 1894 illud
478 1858 641 1907 parentis,
661 1867 722 1904 aut
732 1849 877 1893 fortafl‘e
887 1869 929 1893 ex
940 1854 1112 1892 mandato
1122 1853 1289 1905 generali*

249 1912 293 1949 de
304 1913 500 1948 reverentia
515 1922 599 1963 erga
607 1909 831 1948 benevolum
843 1915 878 1947 ὃς
898 1908 1101 1947 beneficum
1119 1907 1278 1947 fratrem,

250 1972 284 2003 ὃς
296 1965 458 2003 cavendis
469 1963 737 2005 offenfionibus,
749 1964 835 2003 illud
844 1965 1027 2017 singulare,
1049 1965 1086 2000 in
1099 1962 1196 2001 causa
1203 1975 1280 2014 quae

251 2021 410 2059 maxime
426 2033 487 2058 eos
498 2020 621 2058 urebat
631 2016 899 2072 excogitaffe‚&
910 2015 1119 2058 extendiffe.

290 2075 504 2113 'Secundum
520 2087 774 2128 argumentum
786 2076 872 2113 latet
882 2077 917 2112 in
928 2074 980 2112 his
994 2073 1117 2115 verbis,
1123 2073 1282 2125 fratrum

252 2140 405 2170 tuorum,
422 2143 506 2169 cum
516 2128 789 2169 enim-fratribus
799 2128 986 2180 φιλοςορςλοι
998 2128 1284 2179 debeatunputa-

252 2197 335 2222 runt
352 2197 436 2222 eum
448 2209 457 2225 ‚
475 2198 543 2223 nec
553 2187 678 2232 injuria
690 2209 698 2226 ,
710 2186 847 2223 moveri
858 2179 957 2236 posse
968 2183 1120 2236 allegata
1135 2183 1282 2236 propin-

258 2242 390 2291 quitate
401 2238 459 2277 seu
468 2238 906 2291 neceffitudinesanguinis
914 2236 1068 2276 fraterni.

308 2295 475 2337 Tertium
486 2293 763 2333 efficaciffimum
774 2296 836 2337 est,
849 2287 868 2330 ὲ
879 2294 1067 2331 communi
1079 2292 1149 2330 fide
1158 2296 1192 2329 &
1201 2289 1282 2328 reli-

257 2347 347 2399 gion
353 2361 383 2387 e,
395 2361 476 2385 cum
487 2347 519 2386 se
528 2349 716 2401 appellant,
720 2350 843 2400 servos
852 2351 922 2387 Dei
923 2351 1034 2398 patris
1044 2351 1127 2393 ejus,
1148 2345 1208 2384 ubi
1220 2346 1284 2383 du·

257 2400 339 2453 plex
351 2402 398 2438 est
416 2402 608 2453 Emphasis,
629 2405 667 2439 in
687 2417 732 2442 eo
753 2403 852 2455 quod
867 2402 901 2441 se
913 2403 1036 2453 servos
1055 2405 1126 2439 Dei
1149 2401 1284 2441 dicunt,

261 2454 357 2507 quod
369 2457 489 2493 Deum
511 2456 695 2510 designant
716 2458 737 2495 ἐι
753 2457 886 2496 foedere
906 2471 988 2503 cum
1011 2456 1154 2510 Jacobo
1179 2457 1282 2493 inito.

262 2508 466 2547 ostendunt
476 2511 808 2562 enim‚peculiarem
827 2511 939 2549 fidem
955 2517 989 2549 &
1009 2511 1145 2550 cultum
1163 2510 1289 2561 quibus

261 2564 307 2603 ab
316 2563 389 2602 aliis
401 2563 567 2615 gentibus
578 2566 730 2603 distineri
748 2578 868 2606 erant,
888 2579 949 2602 eos
972 2567 1122 2604 arstiore
1143 2564 1287 2602 vinculo

257 2620 482 2671 conjungere
492 2618 635 2659 debere,
650 2633 690 2656 ac
700 2619 723 2656 fi
733 2622 829 2658 Deus
844 2621 904 2669 qui
912 2617 1084 2656 familiam
1094 2619 1192 2656 illam
1203 2618 1290 2655 ado-

263 2685 440 2727 ptaverat,
462 2673 556 2724 quafi
565 2672 708 2725 sponsor
725 2674 997 2711 reconciliandae
1016 2674 1137 2725 gratiae
1156 2674 1290 2709 inime—

266 2727 587 2780 dium‘prodiretmt
601 2726 737 2780 optime
749 2738 852 2765 notat
861 2722 1289 2777 doffiffinterpresflnde

266 2783 403 2821 elicitur
411 2781 484 2820 haec
494 2784 697 2820 communis
708 2781 904 2820 observatio
915 2804 924 2821 ‚
946 2782 1061 2819 minus
1074 2794 1140 2817 nos
1157 2779 1289 2817 debere

267 2835 424 2875 difficiles
434 2836 627 2888 praebereAi
636 2836 824 2888 aliquando
834 2836 852 2873 a
865 2836 1064 2873 domesticis
1077 2834 1224 2882 Ecclefie
1234 2835 1290 2882 legii

227 2926 234 2933 ,
269 2891 373 2930 fimus
383 2918 394 2935 ,
416 2905 461 2929 ne
479 2891 521 2929 ad
538 2891 795 2945 ignoscendum
817 2892 921 2928 nimis
937 2891 1042 2943 rigidi
1063 2891 1288 2942 reperiamur.

271 2948 443 2998 vais
454 2948 551 2984 enim
565 2946 638 2984 haec
656 2946 853 2992 humanitas
871 2945 962 2997 apud
983 2958 1109 2982 omnes
1130 2944 1234 2981 nobis
1251 2947 1290 2981 in-

269 3013 404 3053 genere
415 3003 648 3053 praecipiatur,
675 3000 736 3039 ubi
748 3013 868 3038 tamen
879 2999 1017 3037 accedit
1035 3000 1215 3050 religionis
1234 2999 1291 3037 so·

270 3056 395 3095 cieras,
416 3054 717 3106 oportetferream
729 3051 799 3094 effe
818 3054 985 3093 duritiem
1002 3066 1149 3097 eorum,
1170 3056 1229 3106 qui
1247 3055 1291 3093 ad

270 3109 547 3150 misericordiam
557 3111 805 3164 propenfinon
817 3109 904 3149 sunt.

821 89 957 132 „In
1004 62 1141 133 .C'.'⁷A
1178 103 1234 131 ιη·
1286 89 1361 134 L.··
1405 90 1446 135 G
1480 106 1505 136 E
1543 106 1576 136 n
1612 106 1713 143 Rs.

1374 164 1380 167 “
1391 163 1472 200 Hac
1483 163 1664 216 legatione
1674 167 1791 206 audita
1791 168 1905 222 flevit
1912 170 2078 221 Iosephqb.
2086 185 2132 217 17.
2154 171 2220 212 ”¹1³2
2232 181 2359 214 05:5³

1333 215 1902 274 bedabberamvlav,iii-loquendo
1912 227 1973 263 eos
1984 227 2027 264 ad
2036 225 2199 279 ipsum,id
2210 226 2364 266 efficium

1331 272 1574 324 loquerentur.
1611 273 1724 320 Quod
1744 277 2019 328 intelligendum
2049 284 2096 320 est
2117 294 2178 333 per
2189 279 2362 333 legatum

1333 328 1499 365 nondum
1529 329 1629 365 enim
1657 328 1718 380 ipfi
1735 342 1913 368 venerant.
1971 334 2037 371 Sed
2059 337 2198 373 additur
2221 334 2302 373 vers
2314 338 2361 372 18.

1331 393 1408 420 nris
1424 392 1469 419 nx
1481 381 1566 420 1:5²1
1584 384 1746 429 vaielecn
1761 396 1843 433 gam
1854 386 1989 428 otthav,
2008 393 2043 424 δε
2061 401 2232 428 venerunt
2253 390 2363 427 etiam

1331 433 1456 473 fratres
1487 437 1570 483 ejus.
1598 450 1730 489 nempe
1751 450 1902 491 egerunt
1925 439 2080 490 primum
2103 456 2164 492 per
2183 445 2363 482 nuntium*

1333 502 1372 529 ut
1383 487 1496 527 fratris
1507 493 1669 553 animffn
1680 504 1873 548 tentarent·
1893 494 1956 531 Ille
1967 507 2087 532 autem
2108 509 2190 533 curn
2211 499 2247 534 id
2265 498 2365 535 audi}

1332 541 1629 596 vissetlachrymis
1652 547 1794 585 testatus
1814 549 1862 585 est
1880 562 2002 585 coram
2015 552 2144 587 nuntio
2167 574 2176 590 ‚
2208 552 2262 587 vel
2272 566 2364 589 nun-

1332 601 1399 639 tiis,
1414 596 1585 637 affeetum
1595 601 1706 640 suum,
1729 605 1762 639 δι
1772 604 1935 640 animum
1948 603 1992 640 ab
2005 606 2106 640 omni
2118 604 2268 642 vindicta
2280 605 2365 642 alie-

1332 667 1432 692 num.
1462 653 1607 693 Addidit
1618 655 1710 693 haud
1723 655 1832 693 dubio
1845 657 2001 710 benigna
2024 658 2128 696 verba
2153 658 2277 710 quibus
2304 673 2367 696 eos

1335 707 1422 746 adse
1434 711 1580 746 vocavit.
1612 712 1786 757 Quamvis
1804 713 1901 748 enim
1926 711 2043 750 Moses
2064 713 2100 750 id
2117 712 2272 765 expresse
2289 728 2365 751 non

1336 763 1568 803 dicat‚tamen
1580 764 1856 816 exsequentibus
1867 766 2054 819 colligitur.
2063 773 2243 806 Venerunt
2253 770 2362 808 enim,

1337 817 1428 856 ι’·ιεντ
1451 817 1628 867 vajippeld
1658 824 1691 856 &
1719 818 1922 858 ceciderunt
1945 834 2066 858 coram
2079 836 2142 863 eo,
2157 824 2366 861 &dixerunt

1331 870 1468 918 057255‘1
1486 874 1530 921 ’γι
1550 883 1634 911 ‘⁸22³
1647 873 1831 911 hinnenmi
1843 874 1913 913 leta
1924 876 2210 916 lea-vadimlicce
2225 890 2289 916 nos
2300 877 2366 915 tibi

1316 944 1324 951 ·
1334 926 1370 961 in
1388 921 1510 962 servos.
1531 927 1579 964 Hi
1591 930 1690 965 enim
1701 929 1862 967 videntur
1869 932 1984 983 gestus
1994 936 2028 968 &
2038 931 2141 968 verba
2154 945 2292 971 eorum,
2307 934 2366 983 qui

1336 981 1451 1016 vocati
1461 981 1636 1019 accedunt
1645 984 1687 1021 ad
1699 985 1810 1021 virum
1822 987 2029 1037 principem.
2061 989 2147 1024 Sunt
2155 998 2274 1024 autem
2285 999 2367 1024 om-

1338 1035 1394 1070 nia
1417 1035 1615 1086 compofita
1636 1038 1677 1075 ad
1695 1037 1957 1082 humilitatem,
1984 1045 2017 1078 &
2035 1042 2095 1092 qni
2117 1041 2205 1078 olim
2228 1041 2367 1079 nullum

1337 1089 1580 1140 nonlapidem
1593 1104 1800 1136 moverant,
1823 1108 1866 1131 ne
1877 1093 1971 1132 fratri
1983 1094 2245 1135 subruerentur,
2266 1095 2367 1133 adhi-

1336 1143 1417 1181 bitis
1427 1144 1514 1181 adid
1526 1143 1676 1195 peffiinis
1687 1148 1812 1185 mediis
1822 1175 1830 1188 ,
1849 1151 1921 1195 jam
1936 1151 1996 1200 ipfi
2015 1150 2104 1187 ultro
2117 1148 2280 1188 defernnt
2290 1162 2369 1202 quae

1339 1211 1412 1235 non
1424 1198 1578 1250 petebat.
1594 1201 1684 1239 colla
1695 1200 1905 1241 submittunt
1914 1228 1922 1244 ‚
1944 1209 1976 1241 ὃ(
1993 1204 2104 1242 servos
2114 1203 2146 1242 se
2157 1205 2366 1258 agnoscunt.

1340 1253 1514 1292 Videntur
1525 1255 1674 1294 alludere
1687 1256 1728 1293 ad
1740 1271 1818 1295 eam
1832 1259 2082 1305 conditionem
2094 1260 2130 1295 in
2147 1273 2254 1310 quam
2263 1259 2367 1311 Jose-

1339 1306 1451 1360 phum
1464 1311 1709 1355 conjecerant,
1724 1313 1816 1362 quasi
1828 1312 1986 1349 dicerent
1997 1341 2005 1354 ,
2027 1314 2321 1353 nos'ss'endidimus
2333 1326 2368 1352 te

1341 1375 1378 1400 ut
1390 1361 1498 1400 servus
1510 1358 1618 1405 effes5
1638 1369 1732 1402 nunc'
1743 1380 1826 1404 ecce
1844 1366 2067 1418 agnoscimus
2087 1380 2152 1403 nos
2171 1368 2236 1405 tibi
2254 1369 2368 1406 servos

1343 1413 1426 1455 esse.
1456 1422 1514 1454 Tu
1527 1431 1590 1455 nos
1600 1432 1664 1469 pro
1675 1418 1772 1456 servis
1783 1420 1927 1457 habeto.
1949 1422 2054 1458 Unde
2068 1423 2367 1472 apparet‚nullum

1343 1468 1414 1509 effe
1425 1472 1609 1509 confilium
1621 1477 1979 1515 contraDominum‚
2000 1480 2034 1512 &
2058 1479 2116 1526 qui
2138 1476 2292 1515 adverstis
2313 1479 2368 1514 ni·

1343 1538 1482 1565 tuntum
1502 1528 1745 1579 imprudentes
1756 1542 1988 1580 promovere,
2010 1530 2288 1582 quodimpedire
2308 1545 2370 1569 cu-

1344 1583 1456 1632 piunt.
1483 1581 1590 1619 Videt
1601 1581 1855 1637 adhchoseph
1877 1583 2099 1624 somniorum
2116 1584 2369 1637 filorumcorn·

1344 1637 1582 1688 plementum.

1396 1689 1485 1728 Non
1500 1703 1621 1728 tamen
1633 1696 1817 1744 propterea
1829 1690 2002 1732 insolescit
2013 1719 2021 1734 ‚
2033 1706 2093 1732 aut
2104 1695 2290 1746 prostratos
2302 1695 2372 1732 cal-

1347 1756 1403 1782 cat
1413 1743 1652 1796 pede,affli5tis
1666 1761 1738 1784 non
1749 1748 1845 1786 addit
1856 1748 2088 1786 afflietionem
2100 1774 2108 1789 ‚
2130 1749 2184 1787 sed
2196 1749 2290 1801 quod
2303 1763 2371 1801 ge-

1348 1799 1460 1837 nerofi
1471 1803 1581 1837 animi
1594 1802 1652 1840 est,
1668 1816 1809 1853 parcere
1821 1803 1979 1851 subjeffis
1990 1828 1998 1843 ,
2021 1809 2053 1841 ὃ(
2065 1803 2242 1841 debellare
2254 1803 2369 1856 super-

1346 1853 1412 1891 bos
1425 1877 1432 1893 ‚
1453 1855 1497 1892 fic
1512 1855 1570 1892 iile
1581 1854 1701 1893 fratres
1712 1853 1889 1908 depressos
1898 1860 2002 1910 erigit
2019 1863 2052 1896 ὃ(
2067 1857 2284 1900 consolatum
2304 1872 2371 1896 nec

1347 1908 1485 1946 tantum
1506 1912 1716 1961 protestatur
1735 1911 1766 1949 se
1781 1914 1946 1959 injuriam
1970 1926 2120 1949 omnem
2138 1908 2370 1954 condonasse,

1347 1976 1470 2001 verum
1484 1968 1592 2002 etiam
1603 1965 1690 2002 velle
1702 1966 1867 2018 deinceps
1876 1968 1953 2018 ipfis
1964 1967 2160 2018 prospicere
2172 1991 2180 2007 ‚
2205 1973 2239 2005 &
2255 1980 2372 2019 pater-

1346 2030 1431 2055 nam
1443 2031 1568 2056 eorum
1580 2033 1698 2057 curam
1713 2033 1836 2072 gerere
1847 2047 1856 2062 ,
1877 2035 1921 2058 ne
1934 2021 2036 2073 plane
2050 2033 2176 2072 putent
2194 2022 2227 2058 se
2244 2035 2371 2073 paren-

1348 2085 1422 2110 tem
1435 2071 1594 2112 amififfe.
1628 2075 1740 2121 Quod
1750 2076 1798 2112 est
1808 2075 1959 2114 lieroicae
1968 2074 2241 2113 mansuetudinis
2253 2081 2286 2114 &
2296 2076 2373 2128 pla-

1348 2127 1533 2165 cabilitatis
1545 2129 1763 2180 exemplum.
1918 2128 1923 2132 ’

1399 2182 1708 2234 Praemitritprimd
1730 2183 1965 2224 consolationi
1981 2185 2225 2222 hortationem
2244 2196 2283 2222 ut
2296 2197 2373 2222 me-

1347 2247 1428 2273 tum
1440 2249 1590 2274 omnem
1604 2236 1797 2289 deponant.
1834 2250 1936 2279 mam
1949 2240 2005 2278 -ιω
2015 2241 2052 2276 al
2069 2239 2223 2279 tiredme
2243 2242 2372 2277 timea-

1348 2291 1391 2328 tis
1402 2315 1410 2331 ,
1432 2292 1559 2343 inquit3
1575 2305 1682 2343 quam
1693 2292 1805 2331 adhuc
1818 2294 1947 2344 repetit
1958 2293 2051 2335 versa
2064 2308 2114 2333 21.
2136 2295 2259 2333 Voluit
2273 2295 2373 2331 enim

1350 2358 1433 2384 ante
1444 2348 1567 2384 omnia
1576 2346 1725 2386 evellere
1737 2350 1909 2386 timorem
1922 2348 1965 2386 de
1984 2350 2034 2386 ira
2050 2354 2085 2386 &
2100 2349 2251 2387 vindieta
2270 2348 2372 2400 ipfius

1349 2402 1504 2452 quemin
1521 2402 1646 2442 animis
1664 2401 1728 2441 suis
1751 2414 2001 2454 conceperant.
2031 2407 2201 2441 Intererat
2219 2404 2313 2439 enim
2334 2414 2374 2439 ut

1349 2456 1591 2508 intelligerent
1601 2456 1685 2494 nihil
1695 2456 1756 2494 sibi
1765 2457 1909 2509 periculi
1919 2457 1963 2494 ab
1975 2471 2020 2495 eo
2029 2456 2265 2495 metuendum
2286 2451 2370 2495 effe,

1352 2523 1425 2560 quo
1467 2511 1560 2548 osted
1577 2513 1767 2561 paratiores
1785 2508 1899 2550 effent
1914 2511 1958 2548 ad
1976 2511 2238 2563 agnoscendam
2254 2510 2373 2548 secum

1353 2525 1636 2616 Deiiiipientiam
1657 2570 1689 2602 ὃ(
1710 2564 1985 2602 misericordiam
2002 2588 2010 2605 ‚
2037 2569 2071 2602 ὃς
2088 2563 2310 2602 confiderent
2330 2565 2375 2602 de

1350 2619 1422 2661 ejus
1432 2621 1556 2656 animo
1567 2625 1601 2656 &
1616 2616 1731 2657 futura
1740 2632 1815 2656 non
1826 2630 1964 2657 tantum
1974 2618 2223 2658 benevolentia
2232 2644 2241 2661 ,
2263 2618 2322 2657 sed
2340 2624 2374 2656 8:

1354 2669 1603 2710 beneficentia.
2098 2716 2102 2720 ,

1401 2734 1461 2772 &aa
1477 2726 1593 2765 u'tt'rs
1612 2735 1711 2765 nnrm
1727 2735 1766 2765 ⁹:
1792 2728 1828 2765 ki
1845 2727 2015 2780 hatachqt
2030 2727 2158 2766 alohim
2173 2730 2237 2766 ani
2252 2743 2264 2764 .·
2283 2741 2374 2779 quo-

1353 2780 1450 2819 niam
1461 2792 1504 2818 an
1514 2779 1598 2816 loco
1607 2780 1676 2817 Dei
1688 2779 1762 2818 sum
1773 2794 1844 2835 ego
1856 2792 1866 2820 ἓ
1887 2782 2059 2835 Vulgata,
2082 2788 2178 2820 Num
2188 2785 2259 2819 Dei
2263 2781 2372 2832 poffit-

1324 2830 1430 2872 fmus
1441 2833 1581 2884 refistere
1589 2832 1791 2873 voluntati?
1810 2836 1994 2875 Chaldaeus
2005 2863 2014 2876 ,
2034 2840 2120 2888 quia
2137 2839 2240 2874 timeo
2250 2836 2374 2888 dfacie

1353 2891 1433 2926 Dei.
1452 2889 1557 2925 Unde
1568 2893 1601 2925 &
1621 2903 1640 2926 1.
1652 2903 1673 2927 x
1683 2904 1715 2928 x.
1734 2893 1803 2927 Dei
1812 2892 1986 2941 enimsum
2000 2905 2054 2941 ego
2066 2916 2073 2930 ‚
2095 2905 2228 2943 nempe
2250 2890 2372 2929 servus.

1354 2945 1467 2990 Hujus
1475 2943 1547 2980 loci
1555 2943 1644 2982 adeo
1655 2943 1822 2983 variantes
1833 2947 2015 2985 verfiones‚
2026 2946 2136 2983 sensus
2146 2949 2254 2983 etiam
2265 2947 2375 2994 varios

1353 2993 1676 3054 suggefferunoetfi
1685 3012 1811 3036 omnes
1822 3005 1912 3052 pene
1922 3001 1966 3037 ad
1977 3001 2131 3038 eundem
2145 2999 2287 3052 scopum
2299 2999 2375 3036 col-

1352 3052 1526 3102 limantes.
1545 3054 1795 3105 Siposteriores
1803 3054 2009 3106 spettemus,
2021 3050 2374 3104 videnturrespexiffe

1354 3107 1400 3147 ad
1409 3106 1761 3152 verbatsraehtarum‚
1775 3118 1880 3161 parce
1879 3110 1995 3161 servis
2005 3111 2074 3149 Dei
2074 3111 2188 3160 patris
2195 3110 2262 3147 tui,
2276 3108 2373 3159 quari

2226 3163 2373 3204 diceret,
