2411 3348
213 104 267 145 26

185 113 321 223 5empe
336 170 365 207 'fi
383 166 526 206 effeetus
546 175 712 204 externos
722 155 934 218 *specte'mua
964 161 1218 218 Qemadmo-

186 187 276 265 dum
293 225 391 262 enim
407 219 650 273 metaphorice*
667 222 765 258 Deus
783 221 946 258 tentavit
961 218 1159 259 Abraham,
1173 218 1218 256 fic

188 292 327 331 aequum
348 277 396 314 est
416 288 455 314 ut
475 274 720 328 metaphorice
732 275 975 328 intelligamus
989 299 997 315 ‚
1016 274 1114 324 quod
1131 274 1220 312 dixit

155 325 167 355 '⁸
185 335 219 373 se
231 329 426 383 cognoviffie.
456 334 508 368 Ut
521 332 632 384 igitur
646 332 804 382 primum
819 328 905 368 illud
926 342 1000 367 non
1021 327 1089 367 fuit
1106 331 1217 366 inter-

184 385 362 443 pretatum
374 410 382 426 ‚
393 398 456 438 per
467 385 573 424 verba
583 395 718 423 tentare
723 384 811 436 fecit
821 410 829 426 ‚
839 386 885 424 fic
895 386 1004 422 etiam
1014 398 1080 426 nec
1092 396 1217 436 praete-

183 448 289 482 ritum
300 443 473 493 cognovit,
486 454 548 492 per
557 441 745 491 cognoscere
747 440 846 491 fecit,
863 435 934 478 esse
945 439 1199 491 explicandum
1209 452 1218 480 ;

182 498 239 537 sed
253 499 369 550 potius
378 496 423 534 fic
432 495 678 534 resolvendum
689 519 698 536 ‚
709 495 817 546 habui
826 508 887 534 me
897 495 940 532 ad
948 495 1052 532 fimili
1056 494 1218 533 tudinem

183 553 413 606 experientis,
434 555 487 591 &‚
503 565 598 589 nunc
615 564 659 591 co
690 550 864 589 noscentis
881 563 944 603 per
961 551 1218 602 experientiam

182 608 266 648 faeti
277 632 286 649 ‚
302 619 337 645 te
347 606 421 644 mei
429 607 624 658 timentem
635 619 654 644 e
687 619 717 643 e.
748 609 846 657 Curn
857 607 955 644 enim
972 617 1096 657 agatur
1105 605 1148 643 de
1158 617 1218 641 ex-

180 659 406 717 perimentali
425 662 638 714 cognitione
654 689 664 703 ‚
692 673 830 699 certum
851 661 899 699 est
921 673 1003 697 eam
1021 659 1126 699 tribui
1142 672 1218 696 non

182 715 283 772 poffe
300 719 384 754 Deo
396 739 405 755 ‚
419 714 649 768 nifi'figurate.
676 715 796 754 Sensus
806 728 926 754 tamen
937 714 1070 752 eodem
1080 713 1216 752 recidit,

179 787 268 811 ‘nam
287 768 495 823 ex'utraque
507 772 800 822 interpretatione
817 770 852 807 id
873 768 1030 809 resultat,
1046 767 1217 806 Abraha-

180 841 282 876 mqm
295 826 400 877 reipfh
410 823 674 877 testatumfuiffi
683 850 691 865 ⁷
707 837 816 876 quam
824 824 913 874 serio
927 828 1048 861 Deum
1063 825 1215 860 timeret.-

180 883 293 936 quue
302 884 411 920 etiam
425 881 498 918 aliis
507 875 711 920 innotuisse,
722 877 798 916 imo
809 884 842 916 δε
851 876 1093 916 Abrahamum
1102 875 1215 929 ipsum

178 931 553 977 confirmatum'fuiffe
570 934 640 972 hoc
664 936 914 986 experimento
934 958 943 972 ‚
969 935 1006 970 in
1023 931 1119 971 sensu
1132 930 1216 969 fidei

179 994 258 1032 suae.
288 991 355 1030 Sed
363 991 582 1042 postremum
591 988 725 1027 sensum
735 991 796 1042 qui
806 987 959 1042 figuram
968 988 1213 1027 admittinmi-

178 1063 245 1087 nus
265 1049 429 1098 coafiftum
442 1069 451 1086 ‚
465 1050 498 1083 &
510 1044 722 1097 fimpliciore‘
732 1043 924 1082 censemus,
957 1046 1036 1099 Q
1051 1044 1150 1081 enim
1168 1041 1214 1079 ab

177 1104 254 1142 aliis
263 1100 406 1145 affertur
416 1124 424 1140 ‚
437 1099 480 1137 de
491 1098 633 1138 scientia
643 1111 703 1138 aut
713 1100 924 1153 cognitione
933 1098 1212 1152 approbationis,

178 1156 389 1197 minushuic
400 1154 484 1192 loco
495 1157 675 1196 convenit,
819 1201 825 1205 ¹
977 1191 983 1194 ,

230 1212 297 1250 Sed
309 1223 392 1248 cum
401 1212 473 1258 jam
487 1209 590 1248 antea
607 1210 721 1248 multa
731 1210 976 1261 experimenta
984 1208 1050 1250 suae
1059 1207 1142 1247 fidei
1151 1207 1214 1246 de-

175 1264 282 1315 disset
299 1264 478 1303 Abraham
487 1263 502 1305 ἆ
521 1278 581 1303 cur
592 1266 770 1318 restringit
786 1267 883 1303 Deus
903 1265 1160 1317 experientiam
1172 1264 1214 1301 il-

175 1323 251 1361 lam
261 1321 400 1359 timoris
417 1319 524 1357 divini
542 1334 605 1372 per
614 1333 721 1372 opera
731 1346 740 1359 ,
752 1320 796 1358 ad
806 1331 945 1372 tempus
953 1319 1039 1357 illud
1048 1318 1192 1371 praesens
1204 1328 1214 1358 ἓ

177 1380 288 1416 Nunc
297 1376 430 1427 inquit5
444 1388 565 1411 annon
576 1377 684 1412 etiam
695 1373 807 1427 priris?
836 1378 945 1413 Certe'
954 1373 1057 1412 antea
1066 1374 1213 1412 manda·

175 1434 220 1470 tis
230 1432 353 1475 divinis
362 1431 585 1482 morigerum
605 1428 638 1467 se
646 1428 843 1481 praebuerat
853 1432 963 1482 patria
971 1429 1092 1467 reliEta
1100 1435 1134 1468 ὃς
1144 1443 1211 1482 po-

175 1486 263 1540 pulo
273 1485 334 1524 suo
344 1509 353 1526 ‚
367 1496 406 1522 ut
419 1485 570 1522 vidimus
589 1497 664 1536 cap.
675 1497 718 1520 11.
731 1485 770 1532 ψ.
780 1497 824 1531 33.
837 1499 912 1537 cap.
926 1498 973 1522 12.
990 1485 1030 1533 ψ.
1042 1496 1069 1520 1.
1101 1489 1134 1522 ὃς
1151 1497 1214 1535 per

175 1542 302 1579 omnia
317 1540 431 1591 capita
446 1540 484 1575 iu
500 1539 626 1590 quibus
643 1538 688 1576 de
704 1539 910 1577 Abrahamo
926 1541 1044 1577 aetum
1061 1540 1122 1577 est.
1144 1539 1212 1576 Sed

173 1597 290 1634 voluit
309 1597 406 1632 Deus
427 1593 522 1631 hunc
541 1592 760 1635 obedientiae
785 1595 903 1632 aetum
923 1592 1083 1632 maxime
1108 1606 1211 1631 com-

175 1651 348 1689 mendare
360 1673 368 1688 ‚
384 1650 480 1696 cujus
498 1651 768 1700 comparatione
783 1649 908 1701 reliqui
929 1662 1056 1685 omnes
1070 1672 1078 1688 ‚
1098 1648 1147 1686 ob
1159 1650 1210 1686 rei

177 1704 436 1744 difficultatem,
447 1702 539 1741 leves
551 1715 660 1741 erant.
681 1703 748 1741 Etfi
758 1706 858 1741 enim
867 1702 985 1741 absolu
991 1704 1211 1756 temagnum

174 1760 261 1812 quid
273 1754 372 1799 esset,
385 1757 755 1810 patriamrclinquere,
769 1764 833 1796 &c.
845 1758 992 1796 arduum
1003 1769 1124 1796 tamen
1134 1771 1211 1796 ma-

137 1839 140 1841 ·
169 1818 230 1867 gis
242 1813 309 1852 fuit
318 1813 463 1851 unicum
476 1818 509 1850 ὃ(
522 1812 690 1851 ἀϋεξὶιιῐη
700 1811 812 1851 filium
823 1814 996 1854 maflare,
1011 1813 1109 1865 quod
1126 1827 1209 1851 cum

173 1869 290 1908 facere
308 1866 438 1908 voluit,
452 1880 529 1905 tum
546 1867 706 1905 maxime
721 1870 879 1906 innotuit
898 1892 907 1908 ›
924 1869 1117 1906 timentem
1137 1864 1208 1906 effe

158 1958 160 1961 ,
172 1925 244 1963 Dei
255 1935 362 1975 quam
373 1922 550 1962 maxime,
564 1935 603 1959 ut
617 1925 678 1974 qui
694 1922 922 1960 humanitatis
939 1924 1048 1960 etiam
1059 1928 1092 1961 &
1103 1935 1206 1962 natu-

173 1993 219 2017 rae
237 1977 371 2017 sensum
389 1988 533 2016 exuerat
547 1991 618 2030 prae
638 1976 707 2015 Dei
718 1979 865 2020 timore,
884 1989 923 2016 ut
933 1977 1166 2017 obedientem
1175 1978 1210 2017 se

174 2033 358 2086 praeberet.

226 2087 417 2127 Abrahami
426 2087 537 2139 pietas
548 2100 656 2139 quam
666 2089 763 2125 Deus
775 2086 1066 2128 manifestaverat,
1077 2090 1209 2126 timoris

173 2139 324 2180 nomine
340 2140 552 2194 fignificatur
568 2167 577 2184 ,
601 2142 661 2181 sub
681 2155 754 2193 quo
773 2156 876 2179 amor
893 2142 1081 2179 includitur
1098 2167 1106 2183 ‚
1126 2144 1207 2194 quia

173 2211 250 2234 non
263 2199 377 2249 agitur
388 2197 431 2235 de
445 2199 576 2235 timore
594 2196 720 2236 servili,
741 2195 799 2234 sed
815 2195 929 2237 filiali3
950 2210 1031 2233 mos
1049 2197 1097 2235 est
1107 2200 1205 2235 enim

172 2251 356 2303 scriptura-²,
379 2251 442 2288 hac
459 2265 548 2289 voce
566 2265 641 2289 non
651 2249 1050 2304 fignificare'fimplicem
1069 2253 1206 2289 timoris

120 2332 124 2337 «
173 2308 303 2345 aetum,
316 2305 373 2342 sed
385 2305 538 2353 ejusdem
551 2308 661 2344 etiam
671 2305 783 2344 causas
794 2318 991 2344 connotare
1001 2330 1010 2347 ,
1028 2306 1063 2343 ὃς
1074 2308 1204 2344 cumin

172 2360 277 2398 laude
285 2362 439 2411 ponitur,
451 2371 489 2397 ut
500 2359 673 2400 hocloco,
685 2362 857 2412 pietatem
871 2385 879 2401 ‚
889 2361 1126 2413 religionem,
1138 2361 1203 2400 firr-

116 2413 119 2415 ’
171 2427 366 2466 cetumque
380 2416 449 2451 Dei
468 2414 603 2452 cultum
613 2420 646 2452 &
663 2414 872 2466 obsequium
885 2415 1202 2467 comprehendere,

171 2470 390 2520 aliarumque
409 2470 573 2505 omnium
593 2471 759 2521 virtutum
775 2483 851 2521 quae
871 2471 953 2507 Deo
965 2469 1106 2522 placent
1125 2465 1201 2508 offi-

171 2527 236 2563 cia.
272 2526 330 2561 De
356 2521 433 2560 talis'
457 2524 592 2559 timoris
604 2525 772 2563 ,carentia
793 2523 1004 2575 loquebatur
1024 2524 1204 2562 Abraham

120 2584 123 2586 '
170 2579 269 2631 supra
285 2591 340 2615 20.
355 2578 396 2625 ᾧ.
414 2589 458 2613 11.
478 2589 560 2613 cum
574 2576 726 2617 diceret,
749 2583 828 2614 Non
837 2581 885 2614 ei?
900 2581 1005 2615 timor
1013 2581 1082 2615 Dei
1093 2581 1131 2615 in
1140 2582 1202 2616 isft'o

169 2634 247 2671 Ioco.
280 2631 316 2669 id
334 2632 383 2669 est
400 2655 409 2672 ‚
427 2631 523 2677 nulla
538 2632 607 2667 Dei
627 2629 823 2668 reverentia
840 2642 1016 2671 tenentur.
1050 2635 1108 2669 De
1128 2647 1200 2684 quo

170 2691 277 2726 Deut.
291 2696 320 2724 6.
331 2689 372 2734 5&-
386 2699 429 2723 η.
452 2692 496 2723 Vt
505 2688 629 2722 timem
638 2683 807 2722 lehovam
816 2690 934 2723 Deum
951 2696 1057 2724 tuum
1068 2710 1076 2727 ‚
1092 2686 1200 2736 obfir-

132 2766 141 2774 ·
170 2743 293 2780 vando‘
299 2744 416 2778 omnia
418 2740 556 2789 statuta
567 2743 651 2785 eim.
671 2743 705 2776 ὃς
717 2738 799 2776 alibi
809 2738 906 2790 saepe.
1017 2739 1019 2741 ’

225 2791 548 2849 Qmadmodum
567 2805 670 2831 antea
690 2805 882 2846 promptus·
891 2792 1006 2841 suerat
1022 2794 1201 2833 Abraham

167 2852 288 2890 audita
296 2863 384 2888 voce
394 2849 510 2886 divina
518 2848 562 2887 ad
571 2846 775 2885 sacrificium
783 2849 978 2900 parandum
989 2851 1023 2887 in
1036 2848 1110 2887 filio
1120 2849 1180 2888 suo
1191 2866 1199 2893 ς

167 2908 213 2945 fic
230 2908 340 2944 etiam
354 2918 427 2941 non
438 2903 623 2953 reluctatur
630 2905 703 2951 jam
713 2903 885 2941 voluntati
893 2904 1064 2944 revelatae‚
1077 2910 1109 2942 &
1120 2918 1199 2957 gra-

167 2974 220 3000 tus
242 2960 373 3012 suscipit
392 2957 540 2997 verbum
557 2985 568 2998 ‚
585 2971 657 3010 quo
674 2959 771 2996 Deus
783 2957 816 2996 se
828 2958 1044 3010 acquiescere
1060 2961 1096 2996 in
1108 2973 1196 3011 prae-

159 3017 243 3055 stira
256 3014 460 3053 obedientia
472 3011 688 3067 fignificavit.
716 3014 783 3051 Etfi
800 3015 900 3051 enim
917 3012 1109 3065 specialiter
1121 3027 1195 3051 non

165 3068 538 3123 explicetMoses‚quid
547 3066 764 3120 responderit
770 3064 1128 3110 Abrahaimdestifiiffe
1140 3081 1194 3106 t-a-

163 3137 250 3164 men
259 3125 304 3163 ab
313 3125 472 3177 incoepto
481 3122 558 3163 satis
565 3122 699 3164 indicat
710 3146 719 3165 ι
735 3127 767 3162 ὅ(
775 3121 891 3163 filium
905 3121 1004 3163 suum
1016 3122 1035 3162 ὲ
1053 3123 1197 3164 vinculis

769 92 858 136 'IN
929 89 1041 138 CA
1079 88 1362 135 rffXXII.

1430 90 1471 137 G
1507 103 1532 136 ε
1570 103 1602 136 N
1639 103 1663 137 z
1687 92 1740 138 e.

1279 157 1439 203 liberasse
1458 187 1467 204 ‚
1485 163 1692 217 postquam,
1711 175 1751 204 ut
1762 164 1903 205 testatur
1919 165 2038 218 Apost.
2058 162 2193 217 Eburi.
2205 166 2247 218 ᾖ.
2264 148 2346 214 12³..ss

1271 216 1505 269 similitudine
1529 219 1685 271 quadam
1714 220 1962 270 resurredi‘ionis
1981 248 1990 262 ‚
2019 221 2122 259 illum
2148 221 2340 281 recepiffin·

2344 252 2350 259 »

1281 273 1434 313 Habitus
1453 270 1551 312 enim
1560 272 1674 312 fuerat
1682 288 1748 326 pro
1759 288 1925 316 mortuo,
1938 272 2033 328 q'uod
2052 275 2094 313 ad
2113 279 2223 315 animi
2232 285 2332 331 'pro-,

1281 328 1435 381 pofitum
1447 352 1456 369 ‚
1476 328 1571 366 unde
1580 327 1717 367 habitus
1726 329 1793 368 fuit
1799 333 1878 383 post
1895 330 1966 370 hoc
1978 330 2173 373 oraculum,
2187 333 2315 374 aeside
2361 341 2366 352 ⁴

1282 397 1379 421 novo
1390 384 1488 421 datus
1499 378 1618 421 fuisset
1627 386 1774 435 parenti.

2348 243 2355 250 μ

2368 82 2408 134 r

2364 123 2370 128 —
2382 117 2411 143 aas

2350 320 2353 322 .
2364 301 2409 337 ,ἔρῃ

2360 375 2384 423 ,ἱκ-

1332 441 1427 477 Huic
1440 434 1547 477 Deus,
1559 437 1721 490 singulari
1731 438 1787 476 sua
1797 440 2019 491 providentia
2032 467 2040 483 ‚
2052 455 2097 480 ne
2109 442 2239 480 rediret
2248 441 2330 485 dn.v
2373 438 2407 476 3:32

1280 505 1381 531 mum
1401 493 1501 533 nullo
1522 491 1689 531 sacrificio
1708 495 1850 544 per-aeto
1863 518 1874 534 ,
1895 487 2314 547 praeparwl‘t‘viffimam3

1280 554 1314 587 &
1325 548 1422 601 quod
1439 547 1542 587 antea
1559 546 1706 587 confuse
1719 549 1854 587 dixerat
1864 572 1873 590 ‚
1884 551 1979 587 Deus
1988 550 2179 602 specialiter
2187 553 2316 605 imple·

1279 605 1329 641 vit
1341 628 1349 644 ‚
1362 604 1447 642 dum
1467 603 1577 642 oculis
1593 606 1665 652 ejus
1677 603 1824 652 subjecit
1834 605 1983 642 arietem
1995 606 2202 649 detentum,
2219 617 2318 658 ’μοι

1276 658 1433 708 bafhbak,
1444 659 1488 697 ad
1498 658 1658 699 verbum,
1673 659 1948 709 inperplexi‘tate,
1961 659 2024 698 suis
2034 661 2209 701 cornibus.
2242 674 2313 698 Lxx
2338 674 2339 677 ¹
2369 673 2372 677 '

1278 726 1417 750 nomen
1439 725 1515 764 7³0
1531 711 1636 762 sabek
1656 715 1877 753 retinuerunt
1893 741 1904 755 ‚
1924 719 1958 752 ὃ(
1979 715 2072 762 <pti-m
2089 715 2311 757 addiderunt,
2352 749 2361 755 .,

1278 769 1316 805 in
1326 768 1482 817 virgulto
1483 766 1586 816 sabec
1597 791 1604 808 ‚
1616 779 1676 806 aut
1683 770 1800 820 potiu's
1809 771 1846 807 in
1859 769 2009 808 arbusto.
2035 768 2201 813 Onkelos
2208 769 2314 810 arbo·

1276 835 1354 860 rem
1370 836 1434 874 per
1445 822 1674 873 arboretum‚
1694 825 1941 877 interpretatus
1962 822 2021 863 eff.
2053 825 2179 878 Aquila
2195 830 2312 876 συχνῦ,
2368 834 2370 836 ’
2399 867 2403 872 ,

1276 879 1314 914 in
1324 876 1492 926 condensi).
1522 877 1618 916 Alibi
1634 892 1716 917 Lxx.
1737 879 1771 916 ’τὲ
1782 889 1859 930 '1:10
1868 879 1972 930 ftbak
1984 903 1993 921 ‚
2007 893 2068 932 per
2077 880 2193 933 ὴυμέὶ
2203 892 2312 918 trans·

1272 930 1392 970 ferunt
1402 957 1410 972 ‚
1431 932 1467 970 id
1480 932 1530 970 est
1539 932 1671 986 sylvam
1684 959 1693 975 ‚
1714 947 1752 972 ut
1764 934 1844 972 Psal.
1855 949 1903 982 73.
1917 936 1959 984 y).
1974 948 2006 981 7.
2028 940 2062 974 &
2074 935 2144 974 lsai.
2159 949 2193 978 9.
2206 937 2248 985 5&-
2262 940 2311 972 18.
2354 930 2404 970 '2'ss

1273 986 1399 1026 Nostri
1416 1000 1600 1040 vepretum
1625 990 1883 1029 transtulerunt.
1918 992 2098 1043 Accipitur
2125 993 2224 1029 enim
2241 988 2312 1027 hoc
2334 1028 2335 1031 ,

1275 1055 1414 1080 nomen
1426 1066 1435 1082 ‚
1447 1057 1512 1095 pro
1531 1057 1634 1081 ramo
1653 1044 1761 1083 denso
1772 1049 1806 1084 &
1822 1046 2026 1098 implicato,
2044 1058 2084 1084 ut
2101 1045 2159 1084 hic
2175 1043 2309 1099 fignifi-

1275 1108 1399 1135 centur
1408 1097 1512 1149 spinae
1523 1111 1584 1137 aut
1600 1100 1690 1136 rami
1705 1099 1903 1144 seinvicem
1914 1091 2212 1153 comple&entes;
2233 1099 2310 1152 qui-

1275 1151 1432 1190 buscum
1444 1148 1532 1190 esset
1542 1154 1737 1206 implicitus
1757 1158 1862 1197 aries,
1882 1158 2033 1210 agnovit
2050 1154 2229 1203 Abraham
2242 1181 2253 1195 ‚
2266 1153 2325 1201 ils.

1274 1207 1350 1260 lum
1360 1205 1598 1259 fibissdivinitus
1605 1221 1768 1260 paratum
1781 1234 1789 1250 ‚
1802 1216 1836 1248 &
1845 1213 1882 1248 in
1894 1212 1930 1249 id
1942 1210 2154 1249 destinatum
2167 1235 2175 1251 ‚
2187 1209 2252 1249 uta
2262 1208 2307 1250 se.

1273 1260 1335 1299 filii
1351 1262 1436 1300 loco
1452 1286 1460 1302 a
1482 1258 1679 1301 offerretur.
1708 1264 1823 1316 Judaei
1838 1262 1952 1302 multa
1971 1265 2015 1302 de
2032 1265 2103 1303 hoc
2120 1267 2311 1303 arietenu-

1274 1329 1420 1370 gantur,
1433 1329 1472 1354 ut
1488 1318 1587 1368 quod
1602 1316 1708 1356 fuerit
1725 1332 1859 1357 creatus
1871 1318 1970 1357 sexto
1983 1320 2040 1356 die
2053 1322 2241 1358 creationis
2253 1343 2261 1359 ‚
2273 1324 2310 1357 δε

1273 1370 1378 1425 usque
1404 1372 1448 1409 ad
1472 1371 1565 1410 hunc
1590 1372 1688 1411 diem
1707 1375 1743 1411 in
1760 1387 1844 1412 eum
1862 1373 1975 1411 finem
1995 1372 2143 1412 servatus
2164 1390 2174 1416 3
2210 1373 2309 1426 quod

1270 1427 1459 1480 sponte-ad
1475 1426 1720 1465 Abrahamum
1740 1429 1931 1466 cucurrerit
1948 1426 2034 1467 ‚sed
2050 1432 2216 1465 Satanam
2233 1430 2309 1477 ejus

1273 1495 1406 1520 cornua
1415 1484 1452 1519 in
1461 1494 1607 1534 vepreto
1618 1478 1828 1534 implicuisse
1841 1506 1849 1522 ‚
1861 1495 1900 1520 ut
1914 1483 1986 1530 ejus
1996 1481 2133 1521 cursum
2147 1484 2306 1521 rem‘ora-

1270 1550 1375 1578 retur,
1387 1542 1421 1574 &
1430 1536 1558 1576 fimiles
1569 1550 1617 1574 nu
1646 1551 1691 1574 as,
1721 1535 1869 1578 Contra,
1882 1549 2019 1575 certum
2028 1538 2078 1575 est
2089 1538 2174 1576 ideo
2185 1538 2304 1575 corni-
2337 1566 2341 1567 γ

1270 1592 1379 1629 busin
1390 1603 1534 1642 vepreto
1544 1589 1592 1629 fui
1627 1605 1645 1629 e
1659 1591 1918 1636 detentumme
1929 1590 2134 1646 aufugeret,
2147 1606 2305 1645 eumque

1268 1646 1487 1685 Abrahamus
1499 1645 1647 1684 haberet
1655 1647 1698 1684 ad
1709 1660 1793 1685 man
1799 1661 1871 1686 um.
1901 1647 2143 1695 Undeautem
2154 1649 2306 1695 venerim,
2351 1672 2353 1677 -
2367 1667 2369 1669 ·

1270 1707 1304 1740 ὃς
1316 1715 1384 1753 qua
1393 1702 1533 1738 ratione
1542 1701 1608 1739 add
1614 1703 1709 1740 ustus
1720 1701 1831 1741 fuerit
1839 1728 1847 1743 ‚
1862 1704 2041 1755 inquirere
2058 1717 2126 1741 nec
2143 1697 2301 1741 necessa-

1268 1758 1361 1795 rium
1374 1757 1422 1794 est
1433 1780 1442 1798 ‚
1457 1761 1491 1794 &
1503 1755 1649 1795 definire
1665 1761 1893 1796 temerarium
1905 1754 2003 1795 esset.
2036 1763 2091 1796 An
2101 1758 2120 1795 ἐι
2133 1760 2216 1796 Deo
2225 1756 2302 1796 sue-

1267 1814 1313 1849 rit
1329 1823 1407 1851 tum
1424 1823 1558 1850 creatus
1570 1825 1708 1853 recens,
1729 1815 1825 1865 quod
1837 1812 2046 1855 facillimum
2056 1811 2124 1851 fuit
2132 1809 2303 1864 potentissae

1268 1871 1301 1905 δε
1311 1866 1540 1920 providentiae
1550 1869 1620 1905 Dei
1632 1886 1642 1919 ξ
1663 1882 1708 1906 an
1722 1878 1766 1906 ex
1775 1868 1895 1921 aliquo
1907 1880 2019 1921 grege
2029 1867 2192 1906 aberrans
2203 1891 2213 1909 ‚
2231 1868 2301 1906 fin·
2313 1879 2322 1882 ·

1266 1923 1379 1975 gulari
1388 1924 1458 1960 Dei
1471 1921 1727 1975 dispensatione
1736 1924 1806 1961 huc
1815 1925 2023 1976 pervenerit.
2047 1923 2159 1976 Qod
2167 1923 2301 1974 postre-

1265 1991 1370 2015 mum
1387 1978 1507 2029 potius
1524 1977 1696 2029 eligerem
1717 2003 1725 2019 ‚
1749 1992 1832 2017 cum
1849 1992 1926 2016 non
1947 1978 2216 2030 multiplicanda
2233 1977 2300 2016 fint
2332 1999 2337 2001 -

1265 2032 1435 2070 miracula
1446 2056 1454 2072 ‚
1469 2031 1530 2069 ubi
1541 2032 1628 2070 nihil
1638 2034 1687 2070 est
1698 2033 1920 2073 necessitatis.
1949 2036 2046 2072 Cum
2055 2045 2177 2071 autem
2184 2035 2223 2069 in
2234 2032 2298 2070 de·
2319 2058 2329 2081 :

1263 2087 1355 2124 serto
1372 2086 1518 2123 loco'fic
1531 2083 1651 2125 fuiffet
1669 2087 1808 2126 oblatus
1826 2095 1860 2126 ἃ
1877 2091 1914 2125 in
1925 2088 1986 2126 tali
1994 2087 2088 2128 casu,
2110 2102 2185 2125 non
2197 2086 2300 2125 dubi-

1263 2143 1348 2179 tavit
1358 2137 1535 2179 Abraham
1546 2145 1789 2192 oportunitate
1806 2145 1877 2184 uti,
1894 2156 2049 2195 eumque
2062 2142 2157 2180 velut
2168 2141 2211 2180 eii
2221 2155 2300 2179 ma-

1265 2198 1398 2247 nu,Dei
1410 2220 1418 2235 ‚
1432 2198 1528 2244 cujus
1537 2194 1615 2234 sunt
1625 2200 1760 2237 omnia,
1775 2210 1962 2250 acceptum
1972 2225 1981 2239 ‚
2001 2198 2122 2235 eidem
2137 2196 2296 2238 reddere,

1264 2250 1308 2288 de
1324 2250 1395 2288 alio
1416 2250 1570 2288 domino
1587 2264 1662 2288 non
1677 2251 1843 2290 sollicitus
1860 2277 1869 2293 ‚
1885 2252 2197 2305 quemadmodum
2209 2251 2297 2289 Elias

1264 2319 1383 2344 carnes
1403 2309 1422 2342 a
1439 2316 1547 2343 corvo
1565 2307 1602 2343 in
1623 2305 1761 2344 deserto
1776 2308 1895 2346 allatas
1913 2308 2004 2350 edit,
2024 2321 2100 2346 non
2119 2308 2297 2360 inquirens
2311 2340 2336 2361 4

1263 2360 1357 2398 unde
1375 2356 1489 2397 essent
1507 2360 1628 2398 allatae.
1650 2373 1675 2398 1.
1688 2364 1781 2415 Reg.
1793 2376 1842 2408 17.
1861 2365 1902 2412 ᾧ.
1913 2378 1949 2411 4.
1969 2369 2003 2401 &
2021 2373 2053 2401 6.
2083 2363 2127 2400 Ec
2142 2362 2295 2414 populus

1260 2420 1423 2455 Samarrae
1439 2413 1458 2451 a
1470 2417 1553 2452 Deo
1569 2415 1752 2457 liberatus,
1768 2417 1931 2455 oblatum
1950 2417 2177 2455 fibihostium
2188 2429 2293 2454 corn-
2330 2441 2335 2452 2

1261 2482 1422 2520 meatum
1433 2470 1505 2512 fine
1514 2467 1674 2521 scrupulo
1685 2472 1721 2507 in
1732 2471 1809 2509 suos
1818 2472 1891 2509 usus
1902 2471 2102 2511 vindicavit,
2116 2474 2242 2523 2.Reg.
2257 2484 2291 2516 7.

1259 2527 1300 2574 ψ.
1314 2540 1340 2565 Ι,
1353 2530 1386 2562 &
1399 2533 1447 2561 16.
1479 2527 1519 2560 In
1533 2524 1658 2562 talibus
1668 2526 1768 2562 enim
1776 2526 2065 2564 extraordinariis
2077 2550 2086 2566 ‚
2099 2526 2160 2563 ubi
2177 2526 2291 2564 nullus

2336 1582 2341 1587 ι
2373 1584 2380 1591 0

2375 547 2391 574 ν’
2396 559 2411 584 ‚3

2371 596 2411 628 r

2367 641 2411 658 Χ,

2370 1077 2410 1112 2

2376 1107 2408 1148 n

2380 1148 2391 1162 ‚b
2406 1167 2409 1169 -

2370 1139 2408 1208 “23⁸

2371 1252 2394 1313 i

2372 1333 2387 1353 *2

2377 1341 2397 1373 »³

2381 1373 2408 1409 a

2382 1472 2408 1503 {a

2393 1326 2408 1343 θ

2363 1852 2410 2272 &ammam
2372 1687 2409 1903 aa„
2397 1489 2405 1502 a

2378 2504 2383 2529 -›
2355 2262 2404 2481 15*?”ae'³}{;5¹'ss

2391 2407 2399 2419 ἐ·
2392 2365 2405 2377 ¹:
2402 2346 2407 2350 «.
2394 2306 2403 2330 ’κ

1258 2583 1407 2632 privatus
1426 2583 1459 2615 &
1482 2577 1664 2629 legitimus
1681 2579 1848 2618 dominus
1868 2593 2035 2633 apparet,
2055 2581 2100 2619 ab
2123 2583 2290 2619 omnium
2342 2578 2400 2636 [ἵζ’

1257 2646 1375 2673 rerum
1383 2634 1549 2670 Domino
1558 2656 1567 2672 ‚
1580 2632 1677 2684 quod
1687 2634 1791 2671 nobis
1799 2633 2034 2675 necessarium
2043 2637 2091 2674 est
2101 2660 2110 2676 ‚
2123 2649 2205 2673 cum
2217 2638 2290 2684 ejus

1254 2686 1476 2741 providentia
1489 2686 1592 2723 nobis
1601 2691 1763 2729 occurrit,
1772 2689 1843 2728 fine
1853 2690 2076 2730 conscientiae
2084 2691 2243 2743 scrupulo
2252 2695 2288 2728 <Sc
2334 2725 2337 2729 ,
2351 2685 2368 2714 ⁸

1254 2740 1622 2796 longainquifitione,
1635 2742 1793 2795 usurpare
1802 2744 1895 2784 licet.
1921 2750 1961 2784 In
1978 2759 2051 2799 quo
2068 2759 2190 2784 tamen
2210 2758 2286 2783 non

1254 2797 1456 2847 dubitamus
1479 2796 1643 2847 peculiari
1665 2800 1827 2838 instinc'tu
1847 2801 1967 2839 divino
1988 2801 2093 2840 fanen·
2114 2802 2175 2838 viri
2196 2813 2285 2837 con-
2299 2808 2315 2813 ’“
2348 2802 2357 2809 “
2370 2803 2377 2850 J

1252 2853 1434 2890 scientiam
1451 2847 1552 2889 fuisse
1569 2851 1817 2892 confirmatam
1836 2880 1845 2896 ‚
1871 2868 1995 2907 praeter
2011 2856 2292 2894 circumstantia·-
2307 2871 2329 2891 „¹

1251 2911 1332 2945 'rum
1348 2908 1536 2944 *rationem
1558 2930 1567 2948 ›
1594 2920 1637 2945 ex
1654 2909 1778 2960 quibus
1796 2910 1965 2965 colligere
1991 2914 2110 2964 potuit
2127 2911 2280 2948 divinam

1255 2958 1560 3013 dispensationem.
2196 2969 2203 2972 ”
2221 3004 2228 3005 7
2244 2999 2252 3002 Α
2271 2963 2277 2967 ”

1301 3015 1446 3054 Obtulit
1455 3017 1562 3069 igitur
1573 3018 1671 3056 illum
1679 3041 1687 3059 ‚
1692 3028 1753 3069 pro
1756 3019 1908 3070 filiasue,
1922 3020 1958 3059 id
1966 3022 2026 3062 est,
2038 3021 2075 3058 in
2087 3019 2207 3057 locum
2216 3016 2276 3065 fih'j

1247 3070 1296 3109 sui
1317 3095 1326 3112 ‚
1346 3083 1385 3109 ut
1403 3072 1712 3122 quemadmodum
1728 3073 1842 3112 filium
1860 3074 1957 3114 suum
1974 3078 2012 3113 in
2032 3074 2279 3112 holocaustum

1248 3124 1376 3166 offerre
1390 3127 1576 3170 statuerat,
1594 3127 1782 3181 postquam
1798 3126 1818 3167 ὲ
1833 3132 1918 3169 Deo
1936 3128 2133 3182 prohibitus
2149 3125 2275 3171 fuitne
2304 3179 2308 3184 .
2355 3133 2358 3138 '

2133 3181 2275 3221 ulterius
